2725 4659
250 232 322 324 aad
592 224 646 293 Μ.
679 225 738 298 .A.
783 217 968 290 PLAUTI

249 406 549 476 sasenateiuuno,
559 403 661 474 sultis,
669 401 767 466 servi!
784 421 844 484 ego
861 399 926 473 ibo,
938 402 1178 464 utcouveniam
1189 420 1315 468 senem

250 493 388 562 Dicam,
408 501 445 550 ιιι
461 489 523 552 sibi
539 507 660 567 penum
677 486 768 546 aliud
783 497 897 556 ornet,
919 485 946 543 si
963 484 1094 563 quidem
1109 506 1178 545 sese
1196 487 1282 548 volet

251 575 327 636 Uti:
355 592 434 633 nam
447 571 503 632 hio
519 570 651 650 quidem
667 581 707 630 ut
724 568 879 640 adornat,
908 577 965 625 aut
980 567 1046 640 jam
1060 567 1147 629 nihil
1170 582 1238 642 est,
1265 582 1313 629 aut

679 739 681 744 ι
769 650 837 726 jam
850 647 1026 718 nihilesit.
1285 673 1288 677 ⁴

253 925 428 999 unoro,
471 879 903 994 rurnoeocnunsa
940 925 1305 993 eurcocnarss.

607 1040 947 1109 srsrsouus.
986 1087 988 1090 ,

252 1202 294 1263 Η.
316 1199 390 1261 lovi
404 1194 518 1280 disque
531 1199 589 1277 'ago
607 1195 731 1279 gratias
739 1194 859 1255 merito
870 1211 1016 1277 magnas,
1057 1192 1088 1256 b.
1101 1206 1125 1257 t.
1144 1194 1184 1267 V,
1204 1214 1236 1259 s.

254 1288 363 1365 Quom
379 1296 411 1343 te
425 1281 579 1341 reducem
594 1291 651 1338 tuo
669 1279 755 1422 {atri
767 1276 988 1347 reddiderunt,
1037 1325 1040 1328 .
1149 1324 1153 1328 .
1213 1327 1217 1330 ,
1256 1287 1308 1360 g5q

253 1365 428 1445 Quomque
443 1382 485 1423 ex
499 1361 634 1426 miseriis
650 1379 671 1438 p
687 1359 802 1420 urimis
816 1380 870 1419 me
885 1370 1088 1432 exemerunt,

255 1455 347 1528 Quae
361 1444 483 1514 adhuc,
503 1457 537 1505 te
556 1462 665 1502 carens
680 1441 760 1504 dum
774 1440 826 1500 hic
842 1441 909 1514 fui,
933 1443 1170 1515 sustentabam3

255 1531 427 1610 Quomque
441 1526 529 1585 hunc
544 1524 705 1605 conspicio
719 1526 755 1583 in
767 1527 922 1601 potestate
938 1538 1064 1596 nostra3
1085 1526 1159 1589 asi.
1168 1525 1200 1588 h.
1210 1526 1277 1590 bd.

255 1615 428 1691 Quomque
443 1606 524 1667 haec
537 1618 667 1684 reperta
688 1618 734 1667 est
746 1602 827 1664 fides
843 1605 936 1665 lirina
953 1606 1054 1669 nobis.

252 1695 328 1755 Pru.
353 1689 435 1751 Satis
448 1690 515 1765 jam
529 1688 620 1749 dolui
635 1687 800 1749 exanimo
819 1700 851 1747 et
866 1708 943 1749 cura
957 1710 1010 1749 me
1027 1692 1100 1751 satis
1118 1705 1150 1751 et
1164 1692 1307 1752 lacrumis

738 1772 897 1830 maceravi
909 1772 988 1850 hoc3
1004 1790 1046 1835 as.
1054 1786 1078 1836 ι.
1087 1773 1118 1834 d.
1129 1774 1151 1837 i.
1162 1773 1236 1836 ab
1256 1785 1308 1851 855

187 1936 193 1948 ι
254 1857 337 1919 Satis
352 1857 419 1935 jam
438 1853 546 1916 audivi
561 1864 634 1914 tuas
649 1869 831 1924 aerumnas,
854 1853 893 1912 ad
909 1867 1042 1932 portum
1058 1875 1134 1936 quas
1147 1855 1235 1918 mihi
1249 1877 1306 1916 me·

772 1949 914 1995 morasti.
1161 1947 1164 1952 '

254 2021 325 2085 Hoc
342 2038 483 2105 agamus.
524 2018 560 2079 P.
584 2016 672 2097 Quid
693 2035 802 2157 nuncd,
830 2020 982 2096 quoniam
1002 2029 1113 2080 tecum
1133 2023 1258 2083 servavi
1274 2020 1307 2082 fi-

753 2125 756 2130 ·
796 2119 860 2170 ern,
1123 2116 1147 2164 t.
1164 2116 1188 2168 t.
1209 2125 1236 2166 c.

256 2189 397 2270 Tibique
417 2185 505 2248 bunc
526 2179 678 2245 reducem
703 2183 740 2242 in
767 2180 955 2324 liberantem
975 2182 1065 2243 feci?
1117 2185 1160 2246 H.
1188 2189 1309 2257 Fecisti,
1344 2213 1346 2248 r

771 2278 808 2326 ut
827 2266 853 2324 ti
877 2265 899 2326 i.‘
1344 2263 1345 2280 ³

256 2356 473 2422 Philocrates,
492 2367 662 2428 nunquam
675 2345 796 2408 referre
815 2348 932 2429 gratias
949 2348 1066 2429 possim
1082 2351 1171 2427 satis,
1213 2383 1216 2384 ν
1246 2399 1250 2404 .

255 2436 394 2499 Proinde
405 2448 486 2496 uttu
496 2432 690 2511 promeritus
701 2430 740 2489 de
753 2450 807 2490 me
819 2443 852 2489 et
861 2428 944 2494 filio.
967 2432 1041 2496 Pur.
1050 2432 1122 2492 Imo
1132 2447 1233 2513 potes,
1259 2437 1313 2514 860

255 2521 371 2591 Pater,
392 2532 426 2577 et
439 2515 577 2594 poteris,
599 2525 632 2571 et
645 2532 706 2594 ego
722 2525 849 2591 potero,
873 2524 905 2572 et
921 2511 955 2573 di
975 2527 1169 2593 potestatem
1185 2517 1312 2588 dabunt,

256 2602 302 2661 Ut
315 2598 515 2661 beneficium
531 2596 756 2658 benemereuti
770 2607 878 2656 nostro
892 2595 1007 2656 merito
1025 2617 1186 2671 muneres,

258 2684 347 2746 Sicut
363 2696 399 2740 tu
414 2678 493 2752 huic
505 2689 613 2758 potes,
630 2688 723 2754 pater
738 2678 802 2750 mi,
822 2678 929 2738 facere
944 2679 1059 2742 merito
1074 2701 1239 2743 maxume.

257 2768 299 2829 H.
323 2762 412 2846 Quid
426 2779 506 2841 opus
519 2758 649 2819 verbis?
670 2756 783 2839 lingua
797 2757 890 2902 nialla
906 2772 970 2830 est,
993 2780 1053 2840 qua
1067 2782 1205 2844 negem,
1229 2766 1313 2846 quid·

400 2885 406 2894 .
794 2861 829 2900 ur
871 2862 905 2901 ro
930 2863 974 2906 es.
1199 2872 1203 2880 ·

256 2931 294 2994 P.
315 2927 447 2993 Postulo
461 2924 518 2986 aba
536 2935 587 3002 te,
598 2912 645 2986 ἰιι
661 2924 709 2984 mi
727 2860 831 2985 illrilnc
850 2862 963 2985 reddas
982 2945 1127 3006 servom,
1149 2949 1250 3010 quem
1268 2932 1315 2993 hie

643 3071 646 3077 ,
724 3077 729 3083 ‚
773 3006 968 3084 reliqueram
1260 3018 1315 3091 865

258 3087 382 3173 Pignus
395 3110 452 3166 pro
469 3108 540 3160 me,
562 3089 617 3167 qui
633 3085 718 3149 mibi
730 3087 868 3162 melior,
890 3107 986 3168 quam
1004 3091 1075 3164 sibi,
1096 3113 1228 3176 semper
1240 3097 1314 3159 faris:
1343 3133 1344 3146 ι

254 3178 319 3238 -Pro
337 3173 513 3236 benefactis
532 3165 603 3247 ejus'
616 3183 653 3230 ut
669 3172 701 3229 ei
718 3171 858 3252 pretium
871 3175 989 3251 possim
1003 3172 1149 3238 reddere.
1343 3165 1344 3188 ³

256 3259 300 3320 H.
324 3239 419 3335 Quod
433 3253 636 3323 benefecisti,
657 3251 817 3314 referetur
833 3253 956 3335 gratia:
978 3251 1034 3326 id,
1065 3257 1151 3336 quod
1169 3262 1316 3339 postulas,

255 3344 302 3410 Et
316 3342 351 3401 id
368 3352 401 3401 et
414 3336 521 3404 eliud,
545 3335 630 3415 quod
644 3355 697 3424 rue
712 3334 832 3408 orabis,
853 3337 1045 3417 inpetrabis3
1065 3353 1171 3421 atque
1182 3357 1217 3403 te

257 3423 373 3489 Nolim
390 3438 590 3489 suscensere,
613 3424 700 3495 quod
715 3437 775 3499 ego
788 3419 887 3478 iratus
903 3418 934 3477 ei
948 3417 1011 3479 feci
1031 3421 1126 3484 male.
1263 3437 1315 3510 φο

257 3512 294 3570 P.
319 3505 407 3587 Quid
419 3501 548 3563 fecisti?
592 3497 634 3559 H.
656 3498 696 3557 In
709 3497 898 3577 lapicidinas
912 3503 1122 3580 conpeditum
1136 3508 1284 3582 condidi

256 3588 325 3650 Ubi
337 3588 468 3655 rescivi,
489 3583 574 3644 mihi
593 3582 667 3640 data
681 3601 748 3641 esse
766 3581 868 3644 verba.
912 3587 947 3645 P.
969 3586 1032 3643 Vae
1047 3588 1169 3649 misero
1183 3592 1286 3654 mihi!

257 3673 391 3750 Propter
403 3687 517 3730 meum
530 3677 627 3745 caput
639 3660 767 3725 labores
779 3662 907 3726 homini
920 3671 1062 3729 evenisse
1080 3677 1237 3750 optumo!

274 3851 286 3922 j
325 3850 382 3908 359.
397 3841 446 3920 lta
461 3837 494 3890 B.
511 3834 591 3916 leid.
609 3837 657 3890 V.=
675 3812 803 3915 gratiam.
853 3835 911 3899 360.
937 3842 987 3908 V„
1004 3843 1222 3913 refragantibus
1236 3843 1315 3918 ἡ
1342 3809 1343 3884 l

257 3919 297 3961 trs
312 3913 418 3959 nostras
436 3915 466 3957 et
481 3902 605 3955 eborum
620 3905 684 3955 iere
700 3905 850 3956 omnibus:
860 3906 928 3972 filio
947 3927 1015 3959 meo,
1048 3909 1115 3963 Non
1131 3912 1318 3970 eliditur-na

254 3974 321 4042 filio
336 3971 744 4043 propterinterpuuctionem.
793 3969 851 4032 861.
878 3973 1197 4031 Iunc-AldaBosseba.
1223 3981 1273 4036 va
1289 3980 1318 4032 ὑ·

261 4059 330 4105 com,
343 4037 461 4090 duriore
475 4034 594 4105 quidem
610 4036 817 4103 contractione,
829 4044 863 4088 ut
874 4038 947 4095 bene
957 4050 1057 4095 monet
1074 4045 1119 4097 sir
1129 4044 1318 4102 doetisein
