2725 4659
435 281 446 336 .·
525 272 729 344 carnus.
783 277 788 286 ·
1077 306 1155 378 naq

95 455 222 546 vtem,
240 457 460 543 caes-amre
486 456 574 518 nse
589 475 639 517 sss
666 456 795 535 manta
813 456 962 526 nauso·
985 450 1079 523 ruam
1099 460 1157 526 ss-

313 583 317 586 .
611 558 717 599 rum-
761 589 763 592 .
815 590 822 597 .
926 594 932 600 .
975 575 981 588 ‚

95 618 211 682 Servos
232 621 446 685 conlaudavit.
466 623 540 684 Pet.
560 620 621 681 Pol
634 620 711 681 med
724 621 794 682 istic
811 621 898 683 heud
912 560 1156 687 centesimaugr5⁰

97 703 228 763 Partem
249 703 372 773 laudat,
384 719 487 782 ‘quatu
506 704 574 785 ipss
594 705 745 764 meritust
764 716 803 764 ut
828 705 978 767 laudetur
995 707 1154 774 laudibus.

97 785 141 846 H.
163 785 251 867 Ergo
272 804 372 866 quom
393 799 523 864 optume
542 787 660 858 fecisti,
679 804 770 846 nunc
789 786 877 848 adest
898 793 1020 850 occasio

96 867 273 927 Benefecta
287 868 471 929 cumulare:
491 882 529 929 ut
543 888 620 951 erge
631 867 720 942 hunc
734 888 802 929 rem
818 883 908 951 geras
923 870 1072 936 fideliter.

96 950 173 1010 Pet
194 949 293 1033 Mage
319 968 387 1010 non
414 952 538 1012 fautum
556 950 639 1011 velle
659 968 806 1028 possum,
830 969 925 1029 quam
945 972 1041 1032 opera
1060 973 1156 1034 expe·

613 1033 676 1093 risr
697 1035 864 1111 persequi..
908 1087 912 1092 .
1097 1047 1158 1115 555

98 1112 140 1172 Id
161 1114 210 1174 uti
225 1117 325 1175 scias:
347 1114 459 1176 iovem
481 1129 669 1195 supremum
690 1127 807 1175 testem
820 1114 926 1186 leudo,
947 1115 1062 1198 Hegio,
1083 1119 1137 1184 it.

98 1193 159 1256 Me
179 1194 347 1258 infidelem
370 1216 437 1257 uon
458 1196 613 1258 futurum.
631 1196 876 1262 Philocrati...
920 1198 962 1261 Η,
983 1199 1105 1259 Probus
1126 1220 1159 1261 es

286 1277 290 1284 '
612 1278 721 1342 honus.
854 1331 859 1340 .
903 1309 904 1312 ¹
1009 1293 1099 1343 tto.
1126 1297 1148 1308 ²

9 1364 10 1367 ’
99 1362 176 1424 Pm.
197 1358 264 1422 Nec
285 1380 339 1422 me
360 1381 451 1422 secus
470 1380 615 1442 unquam
629 1364 661 1421 ei
673 1363 836 1424 facturum
849 1362 1035 1445 quidquam,
1062 1382 1160 1443 quam

257 1457 281 1496 .’
486 1444 904 1508 ..mentetmibi'
1001 1485 1004 1492 .

97 1524 138 1588 Τ.
159 1524 259 1586 istaec
281 1525 366 1587 dicta
386 1545 442 1587 me
461 1527 602 1607 experiri
621 1540 654 1588 et
675 1530 778 1610 operis
799 1528 1053 1598 etfaotisv0103

96 1607 141 1668 Et
155 1608 366 1687 quodminus
385 1608 466 1682 dixi,
480 1627 577 1687 quam
598 1610 698 1679 volui,
719 1609 760 1670 de¹
781 1617 824 1683 te,
845 1615 993 1676 mimum
1013 1611 1158 1682 advortas

613 1692 695 1765 volo,
727 1743 732 1748 .
758 1739 763 1744 .

92 1780 205 1852 Atque
225 1774 350 1835 horunc
370 1774 540 1836 verborum
561 1777 655 1835 causa
674 1788 809 1842 cavetu
822 1776 869 1837 mi
881 1698 1157 1848 irat.ua.fuas;360

99 1853 174 1927 Sed,
196 1870 230 1918 te
250 1875 376 1936 quaeso,
398 1858 550 1938 cogitato,
569 1857 646 1917 hinc
661 1877 735 1918 mea
752 1856 818 1918 fide
837 1860 927 1919 mitti
947 1859 1069 1920 donum

100 1936 149 1999 Te
176 1951 393 2000 aestumatum
420 1954 454 2004 ct
473 1941 588 2001 'meam
606 1960 671 2001 esse
694 1939 869 2002 sitam'hio
889 1961 946 2022 pso
966 1955 1000 2004 te·
1019 1942 1156 2024 positam

241 2061 267 2072 ..
634 2043 645 2080 1
668 2040 757 2088 nous
953 2081 959 2088 ,

100 2101 153 2164 Ne
168 2115 205 2164 tu
217 2123 271 2165 me
284 2105 423 2186 ignores,
440 2124 545 2188 quom
566 2043 823 2202 exferffsplumeo
850 2119 1061 2187 econspsctu
1086 2107 1155 2170 abs-

243 2233 249 2242 .
618 2206 759 2259 cesseras,
788 2237 791 2246 ,
944 2235 947 2244 ,
1138 2222 1141 2228 -

105 2269 214 2349 Quom
230 2289 285 2330 me
302 2267 427 2336 servom
442 2274 478 2332 in
495 2270 718 2350 servituteque
734 2268 857 2333 sedhic
870 2272 1055 2352 reliquerim
1096 2274 1158 2351 365

102 2350 219 2431 Tuque
238 2364 270 2412 te
291 2374 348 2435 pro
369 2354 471 2415 libero
489 2374 559 2427 ¹esse
580 2353 684 2425 duces,
705 2355 823 2435 pignus
845 2351 978 2424 deseras,
1091 2350 1097 2360 ’

102 2437 218 2513 Neque
235 2435 289 2495 des
307 2455 448 2515 operam,
456 2455 513 2515 pro
528 2455 582 2494 me
599 2448 635 2495 ut
648 2434 742 2509 hujus
757 2434 908 2495 reducem
923 2437 1020 2495 facias
1038 2436 1154 2500 filium.

104 2515 202 2589 Scito,
218 2530 252 2579 te
265 2520 366 2580 minis
386 2518 503 2602 viginti
520 2516 599 2578 hinc
620 2530 834 2596 aestumatum
853 2520 997 2588 mittier!

107 2601 172 2661 Fac
193 2598 297 2678 fidelis
319 2604 360 2663 sis
380 2599 486 2660 fideli!
510 2618 585 2660 cave
605 2598 705 2659 fidem
725 2598 849 2659 fluxam
870 2605 975 2682 geras!

95 2681 190 2758 ‘Nam
200 2694 300 2763 pater,
309 2685 383 2751 scio,
392 2683 501 2751 fficiet,
512 2701 591 2761 quae
599 2683 696 2751 illum
706 2682 952 2763 facereoportet,
960 2681 1077 2747 omnis.
1097 2685 1157 2766 5'7o

103 2762 204 2826 Serva
216 2764 274 2825 tibi
286 2767 322 2825 in
337 2779 526 2850 perpetuom
542 2767 685 2826 amicum
699 2787 762 2839 me,
776 2776 871 2846 etque
884 2766 971 2829 huuc
985 2770 1155 2832 inventurn

169 2887 172 2890 -
402 2861 405 2867 ¹
616 2850 758 2912 invenii·
982 2855 984 2868 '
1043 2851 1096 2914 it.
1143 2857 1145 2866 '

104 2931 193 2991 Haec
207 2950 263 3011 per
269 2930 436 2993 dexteram
451 2944 551 3002 tuam,
561 2942 595 2991 te
609 2931 744 3010 dextera
757 2930 900 2992 retinens
911 2951 1020 3003 manu,
1041 2947 1064 2995 t.
1073 2947 1095 2997 t.
1107 2954 1134 2998 c.

106 3012 260 3073 Obsecro:
282 3013 443 3076 infidelior
457 3014 542 3076 mihi
555 3033 596 3075 ne
613 3014 696 3087 fuas,
713 3031 809 3094 quam
826 3034 886 3097 ego
903 3034 977 3076 sum
990 3015 1065 3076 sitit
1090 3063 1097 3072 ,
1135 3063 1146 3072 .

171 3169 230 3222 5⁵0·
247 3156 350 3207 Versus
367 3153 497 3208 elumbis.
520 3156 614 3208 Forat
633 3153 759 3206 leudibus
776 3172 879 3207 servom
895 3154 997 3209 derum.
1020 3157 1064 3210 cf.
1085 3160 1157 3227 prol.

104 3219 149 3290 36.
182 3237 240 3288 351.
257 3222 337 3275 MSS.
356 3232 385 3275 et
401 3231 468 3275 vett.
486 3220 564 3276 eddt
581 3222 633 3273 Pol
651 3223 714 3272 istic
732 3239 773 3273 ms
789 3221 862 3274 haud
877 3239 946 3277 cent.
964 3226 1057 3294 Vulgo
1066 3241 1157 3277 nunc:

105 3290 178 3341 Istis
201 3288 248 3355 pol
271 3290 303 3340 lt:
320 3308 355 3341 m.
378 3308 401 3347 o,
432 3288 490 3349 Sed
510 3290 557 3357 pot
572 3297 645 3344 :ente
670 3288 796 3345 vocalem
819 3291 894 3346 corni
917 3292 981 3348 tur.
1035 3305 1092 3359 559.
1116 3293 1160 3343 Its

104 3352 264 3412 Helmuad.
287 3364 318 3408 et
332 3355 412 3407 Laid.
431 3357 470 3420 C,
495 3364 527 3408 ut
543 3355 602 3423 legi
617 3352 733 3433 volebat
747 3355 847 3433 Lami.
879 3309 1006 3426 ὤμω
1018 3359 1161 3434 scriptura

106 3424 183 3474 dicta
203 3435 228 3473 ts
245 3430 310 3475 otta
325 3422 416 3474 videri
432 3430 526 3491 potest
548 3437 583 3473 sn
598 3430 715 3491 antiqua
731 3424 837 3481 drctad.
865 3424 931 3476 Non
953 3423 1042 3474 semel
1058 3439 1097 3474 sse
1115 3440 1158 3484 er-

95 3497 219 3542 eetum:
242 3504 269 3541 u·
294 3505 345 3544 nos
368 3488 404 3541 ad
425 3488 530 3559 Amph
552 3487 709 3556 prot.149,
731 3489 861 3559 locisque
883 3489 925 3540 ibi
942 3489 1066 3544 laudetis
1089 3488 1162 3541 adde

102 3556 193 3609 Most.
210 3553 267 3624 567.
284 3555 343 3624 769.
391 3552 449 3622 ὅθι.
469 3573 534 3606 cave
552 3569 580 3606 tu
597 3553 684 3607 etiem
700 3556 832 3609 Bossche.
854 3555 937 3614 Libri
954 3567 1059 3619 caveto,
1076 3570 1161 3616 versu

102 3622 295 3690 impingente.
324 3623 400 3674 Junt.
417 3620 482 3674 Ald.
502 3640 566 3673 enos
578 3621 654 3677 mihi.
703 3623 761 3688 56⁰.
783 3624 828 3675 Its
850 3621 988 3691 plerique,
1004 3619 1079 3673 libri
1102 3622 1161 3676 Alii

105 3704 165 3740 non
189 3697 283 3739 recte:
306 3691 342 3742 Et
365 3692 435 3756 quod
459 3690 620 3748 minusetc.
642 3688 723 3742 Male
745 3688 835 3752 etiem
857 3689 941 3757 plene
970 3685 1160 3756 distinguitur

124 3763 169 3805 ost
184 3756 255 3806 volo.
304 3755 362 3822 3⁶9·
380 3755 426 3807 Sio
441 3754 502 3807 fere
517 3754 585 3807 libri
601 3769 634 3808 su
656 3755 769 3808 erstitos
788 3763 902 3824 praeter
914 3749 1028 3820 Guell,
1044 3755 1094 3824 qui
1110 3755 1159 3809 ha·

101 3772 155 3880 ies
166 3821 417 3889 Facfidclcfideli.
433 3822 507 3874 Non.
522 3838 562 3887 tt,
576 3835 622 3888 25:
663 3822 734 3872 teste
759 3839 787 3872 ro
799 3820 938 3878 Fideliter.
956 3821 1048 3873 Plcut.
1064 3822 1160 3896 Copae

102 3887 162 3939 Fac
172 3888 281 3955 fidele:
299 3906 364 3938 cave
375 3889 467 4005 {idem
479 3890 591 3955 fluxam
624 3906 697 3940 eras.
758 3886 813 3939 nde
829 3883 953 3939 Bosscha
970 3885 999 3937 Κ
1010 3887 1101 3955 fidele
1119 3892 1158 3941 sis

95 3954 208 4022 fidelis.
242 3952 357 4006 Malim:
399 3992 407 4010 .
417 3955 504 4022 fideli
520 3955 559 4005 sis
572 3955 598 4021 si
618 3943 679 4007 ciis.
727 3969 785 4024 ³7¹³
801 3952 846 4006 Ita
861 3949 1005 4022 librorum
1041 3963 1170 4008 eremo-¹

100 4025 147 4090 ior
170 4028 338 4097 potiorque,
360 4026 409 4097 nd.
422 4031 471 4084 tibi
485 4030 678 4098 liquescente;
703 4025 779 4099 quod
801 4026 959 4091 nescientes
982 4027 1016 4081 de
1055 4047 1100 4083 res
1128 4031 1156 4082 S.

99 4101 130 4150 in
146 4117 174 4168 p.
192 4102 310 4154 tibiam.
326 4112 391 4170 eto.²
411 4102 549 4171 aerugo
564 4098 686 4169 legitut.
874 4110 881 4115 “
