2725 4659
234 286 305 358 144
555 260 611 330 M.
658 266 702 330 1.
750 261 933 334 ernust

232 441 392 523 Quicquid
410 438 541 515 hujusce
554 450 665 519 gentes
681 438 791 499 ferunt
806 440 959 522 inclytae,

229 524 387 591 Nonnihil
399 536 506 583 nostro
522 534 701 604 gestarunt
717 523 862 583 consilio.

229 612 406 688 Nunquam
420 605 504 683 quod
518 603 599 664 mihi
617 603 738 682 placet,
758 603 810 662 illi
827 603 985 684 displicet.

228 695 374 769 Aequom
389 701 453 758 est,
477 688 504 745 si
518 699 607 765 pater
626 686 810 766 obsequitur
828 690 919 764 patri.

228 768 471 834 Asinivehidam
485 787 537 828 me
555 769 694 826 vocitant
709 768 795 827 lonii
810 787 941 864 greges:

229 854 327 933 Quod
348 852 488 911 vecturio
511 868 608 909 senex
628 849 727 909 vehar
750 853 896 912 asinario.

230 938 296 1014 Qui
320 936 380 1002 sim
390 947 402 1006 ,’
419 934 557 992 tenetis?
585 930 618 990 Si
638 935 771 1012 tenetis,
793 935 888 993 sinite

226 1020 273 1079 Ut
297 1035 418 1078 nomen
437 1013 532 1089 hujus
557 1009 689 1091 eloquar
711 1013 868 1076 statariae.

229 1100 334 1161 Simul
354 1099 478 1165 sciatis,
501 1096 541 1156 ad
567 1116 619 1155 vos
641 1116 700 1176 ego
719 1117 777 1158 cur
803 1098 958 1161 venerim.

225 1182 399 1244 Philemon
418 1179 573 1238 Graecam
594 1178 673 1240 olim
693 1179 782 1239 dedit
804 1180 966 1249 fabulam3

153 1259 155 1263 ⁸
224 1267 334 1334 Hanc,
358 1266 414 1343 qni
437 1260 1065 1345 8111111111,1111111111111111111115

223 1350 353 1419 Plotus,
376 1345 431 1427 qui
459 1343 631 1413 latinissat‚
653 1358 746 1402 vocat
775 1344 959 1408 Bacchides.

225 1431 332 1508 Quare
354 1447 420 1487 non
442 1439 490 1487 est
513 1427 653 1497 mirum,
675 1427 701 1486 si
717 1424 783 1486 huc
804 1426 994 1487 advenerim.

223 1509 367 1571 Bacchus
392 1507 576 1568 bacchantis
596 1506 736 1566 Bacchas
758 1509 859 1568 mittit
875 1509 1066 1579 Bacchidem

224 1595 294 1674 Ego
316 1591 358 1663 ad
378 1611 432 1649 vos
452 1593 554 1669 porto.
598 1589 686 1667 Quid
706 1590 775 1649 dixi
798 1591 1048 1650 mendacium?
1095 1587 1096 1590 ’

223 1677 300 1737 Non
323 1673 412 1732 decet
433 1672 565 1733 mentiri
590 1672 696 1733 deum.
739 1674 797 1745 At,
821 1691 896 1735 vera
925 1686 964 1733 ut
984 1673 1123 1748 fabuler,

223 1759 298 1828 Non
317 1776 375 1838 ego
401 1774 452 1815 eas
477 1767 586 1835 porto,
609 1774 724 1815 verum
746 1754 884 1814 insulsus
903 1753 1030 1827 asinus‚''

222 1837 282 1897 Via
306 1838 459 1908 defessus,
480 1852 562 1904 tres,
585 1837 611 1897 si
631 1840 692 1898 rite
713 1856 903 1909 memorem,

222 1921 315 1982 Fert:
337 1940 440 1980 unum
461 1918 597 1995 videtis3
619 1939 674 1980 ore
697 1919 775 1999 quid
798 1920 919 1991 feram,
941 1921 1079 1998 specite:

221 2005 310 2064 Duas
335 2024 452 2063 sorores
475 2000 699 2063 debacchantis
725 1999 857 2074 Samias,

223 2085 410 2145 Meretrices
433 2084 572 2163 lepidas,
593 2101 658 2144 uno
684 2096 854 2164 prognatae
878 2096 1033 2166 tempore.

221 2168 338 2230 Iisdem
362 2166 548 2246 parentibus
571 2165 662 2224 foetu
687 2166 895 2246 gemellitico‚

221 2251 302 2311 Non
319 2251 427 2310 minus
449 2247 583 2316 similis,
601 2265 703 2326 quam
716 2247 799 2307 lacti
817 2248 887 2321 lac,
909 2251 937 2310 si
958 2249 1112 2322 conferas,

144 2407 146 2411 7
220 2338 286 2392 Aut
310 2352 425 2410 aquarn
446 2346 561 2408 aquae;
584 2327 763 2392 dimidiatas
788 2331 930 2409 imputas

220 2416 304 2485 Has,
326 2417 353 2475 si
378 2412 518 2474 viderest
540 2413 586 2474 ita
606 2412 781 2472 confundas
802 2414 928 2475 oculos:

220 2498 303 2557 Utra
322 2509 395 2556 utra
419 2499 564 2565 sitfnon
587 2512 680 2571 queas
703 2495 930 2557 internoscere.

222 2579 317 2655 Quod
340 2590 452 2649 restat,
475 2576 640 2655 expetitis„
673 2577 747 2635 lam
764 2576 836 2636 date
860 2578 1044 2651 silentium

201 2661 324 2736 nujus
353 2672 582 2738 argumentum
600 2656 732 2736 eloquar
757 2659 955 2720 Comoediae.

220 2742 330 2802 Samos
353 2760 432 2821 quae
452 2754 535 2801 terra
560 2741 616 2811 sit,
638 2752 715 2802 nota
739 2753 786 2800 est
811 2742 976 2803 omnibus:

218 2825 305 2885 Nam
328 2826 448 2889 maria,
468 2836 586 2895 terras,
607 2825 726 2883 montis
746 2835 841 2903 atque
862 2826 983 2887 insulas

219 2908 349 2967 Vostrae
369 2904 511 2985 legiones
530 2903 692 2965 reddidere
715 2909 848 2984 pervias.

217 2988 289 3048 Hac
309 2986 484 3067 Pyrgotelis
513 2983 649 3047 Sostrata
672 2990 801 3067 Pyrocli
823 2990 891 3049 viro

218 3071 294 3131 Uno
316 3070 417 3149 edidit
438 3081 548 3150 gnatas
568 3071 641 3133 nisu
663 3071 825 3153 geminass

218 3153 408 3230 Placuitque
429 3151 563 3211 initiatis
584 3150 775 3223 Trieteride,

219 3234 306 3313 Quas
329 3233 481 3302 ederent,
500 3234 621 3294 Bacchi
642 3235 780 3297 vocitare
802 3238 945 3302 nomine.

216 3318 383 3386 Parentes,
404 3327 440 3373 ut
466 3313 504 3374 fit
520 3318 652 3385 crebro,
675 3316 741 3375 fata
762 3334 925 3398 occupant.

216 3400 362 3461 Alteram
381 3397 473 3460 miles
495 3418 604 3462 secum
622 3396 806 3459 incretam
828 3416 974 3475 vexerat5

217 3482 328 3543 Altera
348 3478 388 3538 de
418 3480 555 3561 geminis
580 3480 710 3540 adnatat
732 3480 906 3562 Cecropias.

281 3703 323 3756 3⁰·
347 3689 475 3741 Fortasse
497 3685 653 3756 legendum
676 3697 733 3743 est:
758 3691 866 3756 11111,
892 3693 918 3742 si
931 3692 1016 3758 filius
1034 3710 1058 3744 o.
1079 3713 1105 3762 p.
1141 3691 1199 3744 Sed
1216 3692 1272 3746 hoc
1340 3689 1341 3716 ¹

217 3753 522 3834 111111111111111111.
574 3769 616 3833 513
639 3756 1130 3824 111111.811111111110111111111,
1156 3762 1204 3811 vel
1220 3777 1271 3829 po·
1340 3765 1341 3834 l

216 3832 274 3874 trus
291 3825 444 3887 Asivrdam,
463 3820 540 3890 quod
556 3823 647 3890 accipi
663 3822 728 3872 vult
743 3840 794 3891 pro
812 3827 1000 3891 amentatum,
1025 3826 1056 3877 h.
1073 3844 1097 3877 e.
1115 3827 1271 3877 Asinivehi·
1340 3837 1341 3882 l

217 3893 294 3959 dam,
324 3891 565 3965 quemadmodum
582 3894 743 3961 euphoniae
760 3895 849 3961 gratia
865 3895 977 3949 dicatur
992 3894 1116 3966 atatim,
1136 3894 1275 3973 Wlffl-

213 3996 270 4101 peel,
290 3988 343 4040 pro
360 3968 508 4038 11111λᾶ111,
529 3966 728 4045 ἐμφιβολολόγος.
762 3978 859 4032 Libri:
877 3983 1023 4036 Asibidom.
1074 4000 1115 4053 43.
1142 3987 1190 4040 V.t
1214 4005 1268 4040 ver.

217 4067 249 4100 sa
262 4066 309 4099 sus
332 4065 373 4099 as.
