2725 4659
463 265 767 345 oueuruauo.
1092 292 1143 368 4,⁵

86 452 164 514 Non
183 448 387 529 Amphitruo.
419 446 576 525 Quotiens
593 442 654 503 tibi
669 443 794 506 dictum
817 446 1141 516 vie2nun1d0nu0?

87 533 184 595 Maur
218 534 412 614 Amphitruo
447 547 513 590 uno
553 526 704 586 cubiculo
748 528 937 591 Alcmenam
972 534 1145 613 complexu

604 622 703 671 tenet.
955 626 977 676 t,
1009 660 1017 675 ,
1052 663 1060 677 ,

86 698 121 760 Si
142 716 264 780 pergas,
287 714 365 754 eum
383 691 437 751 hic
458 690 578 765 sistam,
598 711 657 753 nec
679 693 748 754 sine
766 708 825 758 tuo
845 714 962 777 magno
981 629 1086 762 galo!
1110 731 1114 764 5

86 785 154 847 Au.
184 781 289 859 Cupio
318 774 441 836 arcessi·
480 773 614 838 Utinam
639 794 688 870 ne
704 795 762 855 pro
783 775 958 840 benefactis
978 780 1072 842 hodie
1089 802 1143 862 pn-

487 869 493 882 ·
606 870 703 918 trram
958 874 981 923 t,
995 878 1019 925 t.
1037 883 1063 925 ο,

87 945 203 1017 Aedis,
239 959 408 1016 morem,
458 938 620 1012 familiam
668 958 747 1000 cum
791 940 894 1002 forma
948 964 1013 1004 una
1059 967 1143 1028 per.
1248 953 1253 963 ·

608 1022 751 1082 duam?
936 1038 962 1086 t.
977 1039 1002 1088 t.
1014 1046 1043 1088 c.
1104 1045 1145 1105 55

87 1109 161 1217 Mn.
188 1110 353 1170 arcessam
378 1103 548 1185 equidem
580 1103 698 1246 oovdidge
718 1103 842 1226 fori'bue
861 1110 1086 1251 tuteg’ngercea
1106 1114 1146 1172 ris

65 1329 74 1352 ,
89 1271 210 1351 [Credo
232 1274 305 1349 jam,
328 1288 408 1349 quae
421 1269 559 1340 volebat,
574 1231 731 1329 sacrificia
743 1231 784 1328 ad
802 1270 950 1347 epulum,
963 1233 1146 1353 delinxit]

87 1356 124 1418 Si
136 1357 290 1418 molestus
305 1355 360 1429 sis,
369 1351 480 1413 evades
488 1369 668 1431 nunquam,
677 1352 756 1431 quin
764 1363 797 1410 te
807 1353 1012 1417 sacruficem!
1034 1369 1056 1415 t.
1065 1365 1125 1418 to.

189 1665 526 1788 inpetratio
567 1712 852 1778 renouare.
895 1715 1057 1788 soora„

87 1887 156 1949 Aru.
184 1885 239 1957 Di,
260 1898 401 1946 vostram
421 1881 530 1946 fidems
552 1897 631 1957 quae
651 1880 861 1961 intemperiae
881 1896 1026 1946 nostram
1045 1897 1148 1968 agunt

134 2001 137 2008 .
554 1977 558 1988 ·
603 1962 782 2023 familiam!
806 1969 984 2046 quaemira

88 2051 206 2123 Video,
227 2046 551 2132 postquem'advenio
572 2048 721 2126 peregre!
744 2045 834 2107 Num
853 2067 968 2109 verum
989 2059 1047 2119 ert,
1064 2047 1155 2131 quoti¹

608 2127 688 2188 olim
709 2129 857 2189 auditum
878 2144 926 2190 ert
1007 2144 1032 2192 t.
1043 2145 1068 2196 t.

89 2216 290 2286 Fabularier‚
311 2224 448 2273 mutatos
468 2210 591 2271 Atticos
611 2211 646 2269 in
666 2211 801 2271 Arcadia
821 2212 967 2272 homines
997 2213 1028 2273 t.
1043 2225 1066 2272 t.

90 2302 136 2363 Et
150 2316 251 2357 saevas
267 2297 391 2357 belluas
404 2295 599 2366 mansitasse,
607 2310 666 2353 nec
680 2310 825 2374 unquam
838 2294 944 2365 ‹lenuo
963 2296 1151 2375 parentibus

91 2380 268 2463 Cognitos?
311 2380 369 2441 Be.
399 2376 488 2456 Quid
513 2374 612 2445 illuc,
645 2372 754 2436 Sosia?
790 2370 911 2457 Magna
939 2389 1033 2448 runt,
1069 2377 1158 2468 quie,

607 2458 689 2517 mita
710 2457 888 2537 praedices!
956 2475 960 2486 ¹
1113 2457 1152 2536 '5
1201 2473 1207 2483 ’

91 2545 172 2605 Ain’
210 2555 267 2618 tu,
302 2558 335 2606 te
375 2541 514 2601 alterum
547 2540 699 2620 reperisse
731 2540 822 2600 domi
852 2541 1057 2614 consimilem
1096 2540 1151 2603 So·

609 2623 713 2682 riam?
972 2637 1068 2687 tte.
1137 2696 1141 2704 Ι

93 2707 149 2770 So.
178 2707 250 2781 Ajo.
272 2705 336 2767 Sed
356 2706 436 2767 heus
456 2717 505 2780 tu,
528 2725 626 2786 quom
647 2725 706 2788 ego
728 2703 861 2776 Sosiam,
881 2706 1153 2785 Amphitruonem

531 2791 535 2804 '
611 2788 819 2869 Amphitruo,
842 2789 898 2867 qui
920 2791 988 2860 scir,
1011 2808 1052 2850 an

91 2873 148 2935 Tu
167 2873 251 2936 forte
272 2871 375 2932 alium
394 2871 635 2951 Blepharonem
654 2872 767 2953 parias.
796 2870 825 2930 Ο
846 2870 880 2929 di
899 2871 1036 2945 faciant,
1059 2887 1094 2933 ut
1113 2888 1160 2946 tu„

354 2973 356 2976 ’
399 2965 403 2976 ’
629 2973 669 3012 uo
692 2972 734 3012 ue

93 3037 251 3100 Concisns
271 3039 389 3119 pugnis
417 3048 449 3096 et
470 3037 555 3098 elisio
576 2972 727 3097 delitilius
747 3034 781 3094 id
801 3036 981 3116 impransus
1003 3038 1150 3099 creduas!

92 3124 279 3200 Namego,
300 3121 358 3181 ille
378 3119 460 3181 alter
480 3119 576 3191 Sosia,
605 3119 659 3200 qui
686 3118 755 3177 illio
776 3138 859 3193 sum,
880 3139 933 3180 me
953 3121 1046 3181 malis
1067 3120 1153 3182 mul-

612 3201 697 3261 cavit
717 3201 829 3263 modis.
1114 3221 1153 3262 1o

91 3286 154 3347 Bu.
175 3281 261 3345 Mire
287 3285 440 3366 profecto.
458 3309 464 3316 ·
480 3282 541 3345 Sea
563 3284 677 3368 gradus
706 3282 858 3346 condecet
878 3286 1041 3367 grandire:
1065 3303 1152 3356 narn,

612 3377 650 3430 ut
674 3366 774 3435 video,

91 3452 254 3529 Expectat
274 3449 480 3528 Amphitruo,
498 3461 532 3509 et
553 3468 671 3510 vacuus
691 3447 777 3509 mihi
795 3462 908 3512 venter
927 3452 1074 3529 crepitat.

90 3533 162 3593 Au.
192 3533 235 3592 Et
254 3531 331 3612 quid
352 3533 457 3592 aliena
479 3531 641 3596 fabulor?
941 3533 963 3593 i.
981 3532 1011 3595 d.
1029 3530 1070 3597 cl.

91 3611 137 3675 In
163 3626 273 3674 nostro
300 3614 378 3673 olim
407 3611 560 3675 Thebano
594 3633 713 3698 genere
742 3614 816 3700 plur
851 3633 948 3702 quam
973 3615 1056 3676 mira
1084 3632 1153 3675 me·

611 3710 749 3760 morant.

92 3773 318 3860 Martigenam
332 3776 391 3838 ille
405 3778 570 3860 adgressus
584 3781 730 3841 belluam
746 3799 879 3863 magnus
894 3781 1041 3859 Europae
1057 3798 1153 3862 quae·
1171 3788 1175 3794 ’
1206 3779 1209 3784 ‘

611 3878 676 3928 otor
698 3866 874 3947 sanguineo
983 3895 986 3901 ·
1117 3879 1156 3946 15

161 4050 204 4103 35.
229 4035 364 4088 Perduom
381 4035 511 4089 additum
527 4045 570 4090 est
586 4037 621 4089 eb
638 4035 775 4093 Acidalio.
826 4052 849 4091 ι.
874 4037 966 4108 Vulgo
983 4055 1047 4092 nam
1063 4057 1156 4093 verum

92 4117 187 4157 est-
206 4104 343 4169 cognitos.
395 4118 420 4171 9.
443 4102 490 4155 Sic
507 4102 617 4164 aoidal,
634 4105 683 4157 v.:
702 4104 796 4155 illisis.
