2725 4659
240 315 267 385 4
322 299 326 305 “
548 244 637 359 Μ.
689 290 732 359 r.
782 286 966 358 Paron

242 468 359 529 Mirari
378 487 446 529 non
466 479 514 527 est
535 485 691 547 aequom,
713 464 776 526 sibi
797 466 823 526 si
842 466 1031 544 praetimet3

241 556 346 631 Atque
369 570 428 632 ego
450 567 574 631 quoque
596 552 713 621 etiam,
736 548 792 628 qui
811 549 898 607 iovis
920 566 991 607 sum
1011 545 1113 618 filius,
1262 563 1308 627 30

242 634 443 715 Contegione
464 636 561 710 patris
582 637 648 691 mei
667 644 780 692 metuo
801 630 934 691 malum.

241 717 413 793 Propterea
433 733 511 794 pace
531 714 667 773 advenio
684 713 725 773 ad
747 733 819 784 vos,
841 731 954 793 paoem
975 710 1092 773 adfero.

211 866 213 871 ¹
240 800 367 858 iustam
386 817 456 857 rem
477 809 509 856 et
530 796 664 857 facilem
685 815 752 856 esse
772 809 899 856 oratum
921 814 938 853 a
959 794 1046 854 vobis
1067 792 1157 855 uolo:

240 880 327 940 Nam
348 882 429 957 justa
446 878 486 938 ab
507 879 597 955 justis
618 879 720 954 justus
742 897 812 938 sum
832 890 937 938 orator
959 874 1068 936 datus:

222 967 327 1028 ·Nam
347 962 466 1037 injusta
486 961 525 1020 ab
547 961 636 1037 justis
657 961 823 1041 impetrari
844 978 912 1022 non
933 957 1042 1028 decet;
1261 976 1306 1039 35

241 1047 331 1104 Justa
352 1057 461 1104 autem
481 1041 522 1102 ab
542 1043 669 1119 injustis
690 1048 804 1120 petere
821 1042 1006 1122 insipientia
1027 1054 1094 1101 est:
1122 1073 1125 1078 ι

242 1128 370 1206 Quippe
390 1126 442 1184 illi
461 1126 566 1206 iniqui
588 1128 635 1202 jus
656 1127 806 1204 ignorant
826 1143 931 1205 neque
952 1135 1076 1182 tenent.

240 1214 338 1273 Nunc
358 1207 423 1284 jam
443 1208 509 1267 huc
530 1208 678 1265 animum
699 1207 738 1264 ad
758 1226 813 1276 ea,
836 1225 919 1287 quae
940 1205 1072 1285 loquar,
1094 1203 1262 1275 advortite.

240 1293 375 1352 Debetis
391 1291 494 1359 velle,
518 1308 599 1369 quae
620 1288 772 1347 velimus:
794 1289 972 1349 meruimus

241 1375 284 1433 Et
306 1393 365 1454 ego
387 1385 419 1431 et
439 1384 529 1451 pater
550 1370 589 1429 de
611 1370 700 1429 vobis
722 1383 755 1430 et
775 1372 950 1449 republica.
1262 1388 1304 1449 4o

239 1460 328 1518 Nam
349 1453 426 1533 quid
447 1472 507 1534 ego
528 1470 730 1520 memorem,
753 1466 790 1512 ut
810 1447 888 1513 alio‘s
909 1455 944 1513 in
964 1450 1134 1533 tragoediis
1273 1466 1277 1468 “

239 1538 337 1607 Vidi,
358 1538 571 1615 Neptunum,
592 1535 775 1607 Virtutem,
797 1536 982 1606 Victoriam,

240 1620 405 1687 Martem,
427 1617 616 1687 Bellonam,
638 1636 899 1693 conmemorare,
922 1635 1001 1698 qnae
1022 1617 1108 1678 bona
1191 1675 1193 1680 ,

239 1702 334 1761 Vobis
356 1699 529 1760 fecissent?
560 1701 629 1781 quis
648 1699 824 1762 benefactis
845 1720 937 1761 meus
958 1713 1061 1777 pater,

239 1785 386 1845 Deorum
405 1795 573 1864 regnator,
597 1781 792 1844 architectus
813 1784 980 1852 omnibus;

239 1866 303 1925 Sed
323 1865 375 1924 illi
395 1882 564 1942 nunquam
583 1885 653 1924 mos
673 1864 738 1923 fuit
758 1868 843 1946 patri
862 1884 947 1937 meo,

228 1948 286 2007 .Ut
306 1945 529 2024 exprobraret,
554 1946 637 2027 quod
657 1945 750 2006 bonis
770 1948 890 2009 faceret
915 1947 1012 2017 boni3

239 2031 382 2091 Gratum
403 2029 662 2089 arbitraturesse
683 2029 717 2088 id
738 2050 757 2088 a
776 2029 863 2088 vobis
885 2029 958 2102 sibi,

162 2146 169 2154 ·
239 2108 423 2193 Meritoque
444 2110 532 2172 vobis
554 2110 638 2170 bona
658 2132 690 2170 se
711 2109 836 2179 iacere,
859 2130 939 2192 quae
959 2110 1049 2171 facit.

238 2194 345 2265 Nunc,
368 2214 465 2275 quam
479 2214 549 2254 rem
564 2206 690 2253 oratum
710 2192 773 2252 huc
788 2194 872 2266 veni,
893 2196 1037 2272 primum
1052 2191 1241 2274 proloquar3
1258 2213 1300 2274 50

237 2280 312 2340 Post
333 2290 560 2358 argumentum
580 2275 674 2350 hujus
696 2275 827 2356 eloquar
846 2276 1037 2357 tragoediae.

241 2358 329 2436 Quid
350 2362 552 2422 contraxistis
573 2358 734 2429 frontem,
756 2359 832 2438 quia
852 2357 1052 2441 tragoediam

237 2442 320 2502 Dixi
340 2441 487 2502 futuram
507 2440 614 2500 hanc?
644 2437 722 2499 deus
744 2460 834 2501 sum:
856 2453 1085 2500 conmutavero

238 2522 375 2591 Eadem,
398 2526 422 2585 si
444 2522 553 2592 voltis,
574 2521 693 2581 faciam
715 2522 819 2596 hanc,
841 2521 1068 2604 extragoedia

239 2605 414 2665 Comoedia
434 2617 471 2663 ut
492 2606 532 2663 sit
555 2603 712 2668 omnibus,
725 2604 827 2664 isdem
849 2603 1000 2676 versibus,
1258 2622 1299 2684 55

189 2751 194 2754 ³
237 2686 379 2759 Utrum,
401 2686 458 2758 sit,
480 2705 522 2746 an
541 2704 602 2757 ne,
625 2686 742 2747 voltis?
784 2685 845 2746 Sed
866 2706 925 2769 ego
948 2686 1092 2749 stultior:
1264 2691 1267 2696 ’

239 2769 340 2844 Quasi
359 2770 501 2829 nesciam
523 2788 577 2827 vos
597 2766 701 2839 velle,
724 2769 780 2849 qui
800 2769 887 2829 divos
909 2770 999 2832 siem.

162 2915 166 2921 ,
236 2850 369 2921 Teneo,
390 2850 470 2932 quid
490 2851 590 2910 animi
613 2852 712 2912 vostri
733 2870 827 2929 super
846 2851 906 2916 hac
926 2872 962 2911 re
983 2853 1060 2913 siet:

237 2935 384 3006 Faciam,
406 2931 619 2993 ut'conmista
639 2938 678 2996 sit
698 2931 1016 3017 Tragicooomoedia:

236 3016 322 3076 Nam
349 3035 402 3076 me
423 3029 578 3095 perpetuo
599 3016 703 3075 facere
724 3030 761 3076 ut
783 3018 823 3076 sit
844 3017 1018 3087 comoedia,
1254 3020 1295 3081 bo

236 3099 341 3179 Reges
363 3118 426 3178 quo
446 3099 577 3157 veniant
599 3110 632 3157 et
652 3098 705 3169 di,
727 3118 795 3160 non
815 3118 872 3178 par
892 3100 1034 3164 arbitror.

240 3180 328 3258 Quid
347 3179 475 3260 igitur?
519 3179 680 3257 Quoniam
707 3180 762 3240 hic
792 3200 897 3241 servos
919 3200 1045 3262 quoque
1067 3182 1165 3264 partis
1186 3180 1296 3254 habet,

239 3263 371 3323 Faciam
392 3264 449 3334 sit,
471 3262 606 3341 proinde
627 3277 665 3322 ut
686 3262 772 3331 dixi,
793 3263 1056 3345 tragicomoedia,

236 3348 335 3409 Nunc
356 3344 417 3406 hoc
437 3364 490 3405 me
512 3364 600 3407 orare
621 3363 640 3406 a
661 3346 749 3407 vobis
770 3347 861 3423 jussit
879 3346 1031 3427 Jupiter,

302 3601 346 3655 52,
367 3586 467 3645 V,:.P.
488 3605 514 3655 p.
536 3601 562 3641 a.
583 3599 607 3639 at
626 3586 722 3653 pacem
741 3589 777 3637 ad
797 3603 844 3638 vos
863 3588 961 3654 offero,
994 3601 1028 3655 {pp
1045 3588 1095 3640 V.:
1119 3585 1195 3639 Nam
1208 3591 1296 3656 juste.

229 3663 276 3718 35.
310 3656 440 3704 Fortasse
456 3670 510 3721 pro
529 3654 644 3706 decetle
665 3654 772 3706 endum
785 3663 829 3705 est
841 3655 915 3719 licet,
936 3670 1009 3723 quae
1026 3655 1112 3707 verba
1125 3669 1183 3705 non
1202 3653 1296 3705 semel

233 3727 301 3770 sunt
319 3720 445 3772 confusa.
478 3729 522 3787 38,
555 3722 602 3772 Sic
622 3671 764 3772 librorum
785 3737 850 3788 pars
867 3721 967 3783 nrajor.
1001 3724 1094 3790 Vulgo
1113 3730 1227 3772 tamen:
1254 3717 1294 3775 N.

236 3786 255 3843 ἱ,
275 3786 302 3835 ἠ.
323 3805 349 3843 α,
369 3801 461 3838 omnes
484 3806 525 3851 eo,
545 3807 614 3854 quove
632 3788 661 3854 l„
686 3807 712 3844 o,
745 3788 938 3838 Monacensis:
959 3806 1026 3855 quoe
1045 3792 1148 3843 dicam,
1173 3788 1296 3855 ,Loquar

234 3850 263 3900 vi
280 3868 294 3901 1
314 3850 429 3904 litterae
448 3857 637 3922 posteriorem
654 3851 793 3921 syllabam
811 3852 954 3919 producit.
973 3855 1018 3913 Cf,
1036 3853 1093 3906 fab.
1107 3870 1140 3924 7⁰
1158 3862 1215 3911 etc,
1247 3868 1293 3918 41·

124 3912 130 3920 ’
233 3918 297 3968 Non
315 3920 390 3971 male
410 3921 520 3971 Fruter.
535 3923 701 3975 Verisimm.
723 3936 755 3984 2,
781 3933 813 3968 20
837 3919 992 3987 legendum
1019 3930 1104 3989 putat
1128 3922 1210 3970 alias.
1246 3919 1292 3984 46.

233 3981 281 4035 Sic
301 3984 363 4037 fore
381 3985 461 4037 libri.
481 3990 528 4044 V.:
556 3989 626 4044 tttic,
659 4000 704 4051 54.
738 3986 858 4050 Eadem,
877 3986 977 4040 eidem
996 3989 1090 4055 operi.
1124 3988 1169 4038 Ita
1189 3985 1294 4042 Guelt.

232 4049 402 4109 etHeltnst.
421 4054 469 4108 V.:
497 4054 618 4103 Eandem
638 4053 727 4118 banc,
759 4052 785 4102 si
803 4053 903 4103 voltis:
926 4055 1055 4121 faciam,
1087 4072 1121 4106 ex
1139 4068 1212 4121 trag,
1246 4051 1292 4118 56,

229 4117 274 4169 Ita
292 4118 387 4177 Guelf.
413 4121 462 4172 Va
482 4138 519 4171 on
545 4138 601 4171 non
626 4119 734 4171 voltis?
