2725 4659
246 275 328 345 a&
531 261 586 332 Μ.
623 260 696 335 -bs'
731 258 919 331 PLAUTI

243 443 331 504 Nam
351 453 528 503 amatorem
549 440 636 501 aibat
656 460 725 503 asse
741 441 950 522 peregrinum
970 439 1053 501 sibi:
1164 440 1169 447 '

245 521 506 604 suppositionem
526 525 593 601 ejus
613 525 662 584 rei
681 525 785 586 facere
807 526 919 606 gratia.

245 605 284 664 Id
304 605 385 666 duae
405 624 462 664 nos
482 605 567 667 solae
587 606 723 676 scimus,
745 626 826 688 ego,
848 624 928 684 quae
947 604 1001 666 illi
1020 603 1107 676 dedi,
1247 621 1294 682 ¹46

243 685 287 747 Et
307 686 383 759 illa,
405 705 486 766 qnae
505 707 524 749 a
544 708 599 750 me
619 690 763 770 accepit,
784 702 912 766 praeter
932 709 986 749 vos
1007 686 1150 765 quidem.

244 769 334 829 Haec
354 770 399 830 sic
420 790 469 833 rea
490 783 580 854 gesta
599 783 665 832 est:
695 774 813 853 siquis
834 790 908 832 usus
929 771 1065 840 venerit,

245 848 431 914 Meminisse
452 875 513 938 ego
532 853 618 915 hanc
636 873 708 918 tem
728 874 783 917 vos
801 853 884 918 volo.
925 852 995 936 Ego
1015 853 1095 915 abeo
1115 851 1258 914 ἁοωω

660 1000 866 1022 uun-'⁸¹¹⁸‘-

512 1126 1038 1198 AUXILIUM.

244 1247 430 1333 Utrumque
436 1250 527 1326 haec,
538 1265 573 1313 et
582 1247 777 1326 multiloqua
783 1258 817 1308 et
826 1246 1009 1320 multibiba,
1023 1258 1071 1306 est
1078 1262 1168 1307 anns·
1177 1243 1202 1308 i.
1211 1241 1290 1316 aba

246 1330 348 1393 Satin’
372 1337 426 1394 vix
446 1336 582 1410 reliquit
600 1333 680 1400 deo,
703 1329 788 1409 quod
807 1328 1012 1408 loqueretur,
1031 1325 1117 1389 loci?
1248 1342 1292 1404 150

244 1412 295 1475 lta
315 1419 496 1495 properavit
517 1417 557 1479 de
576 1413 708 1496 puellae
728 1410 878 1494 proloqui

244 1494 480 1576 Suppositione.
524 1497 645 1575 Quodsi
665 1496 837 1557 tacuisset:
868 1506 978 1556 tamen

243 1578 314 1658 Ego
337 1597 426 1639 eram
447 1580 608 1649 dicturus,
629 1579 725 1657 deus,
746 1579 802 1660 qui
821 1589 967 1657 poteram
989 1573 1135 1654 planius:

243 1658 331 1724 Nam
351 1661 400 1720 mi
421 1674 468 1722 est
488 1662 620 1726 Auxilio
642 1680 773 1723 nomen.
814 1662 910 1722 Nunc
932 1677 1063 1738 operam
1084 1655 1181 1724 dates

243 1740 291 1801 Ut
312 1760 372 1823 ego
394 1757 625 1826 argumentum
646 1743 709 1804 hoc
731 1742 820 1804 vobis
833 1742 935 1823 ¹plane
955 1750 1138 1823 perputem.
1246 1754 1293 1819 155

243 1821 374 1903 Sicyoni
394 1826 485 1886 fuere
507 1826 631 1899 jamdiu
650 1827 829 1905 Dionysiat
1304 1830 1307 1839 '

244 1901 409 1970 Mercator
428 1910 517 1973 venit
537 1909 602 1971 buc
622 1909 663 1969 ad
678 1908 772 1971 ludos
791 1906 960 1979 Lemnius,

243 1987 340 2069 laque
359 1991 415 2051 hic
437 1992 612 2072 conpressit
635 1992 794 2073 virginem
814 1987 1074 2050 adulescentulus

243 2071 300 2144 vi,
323 2073 524 2147 vinolentus,
545 2074 650 2135 multa
669 2088 784 2148 nocte,
805 2074 841 2133 in
861 2073 921 2132 via.

243 2151 276 2215 Is
296 2153 351 2214 ubi
371 2156 492 2219 malam
512 2176 584 2217 rem
604 2159 663 2218 scit
683 2177 717 2217 se
737 2160 910 2219 meruisset
932 2155 1019 2215 eloco
1247 2151 1309 2227 16⁰,

243 2234 384 2299 Pedibus
406 2239 593 2321 perfugium
613 2240 754 2318 peperit3
774 2242 811 2301 in
831 2238 993 2298 Lemnum
1012 2234 1155 2319 aufugit,

244 2316 311 2377 Ubi
331 2332 402 2381 tum
423 2319 599 2389 habitabat.
639 2321 720 2393 illa,
742 2341 840 2400 quam
860 2331 1086 2399 conpresserat,
1121 2366 1124 2369 .

242 2399 389 2463 Decumo
410 2416 481 2482 post
501 2422 614 2465 mense
635 2418 749 2465 exacto
770 2403 824 2462 hic
844 2403 970 2482 peperit
989 2401 1104 2461 filiam.

245 2483 407 2560 Quoniam
429 2506 523 2549 reum
543 2486 611 2559 ejus
632 2486 711 2548 facti
732 2487 854 2554 nescit,
876 2487 932 2566 qui
953 2485 1031 2547 sieta

242 2565 420 2628 Paternum
441 2588 565 2628 servom
584 2570 635 2633 sui
655 2570 824 2649 participat
844 2565 957 2626 consili
968 2585 978 2637 5
1249 2564 1309 2643 165,

243 2645 309 2705 Dat
331 2666 402 2708 eam
421 2649 564 2729 puellam
585 2651 617 2711 ei
638 2670 727 2712 servo
743 2649 965 2730 exponendam
985 2646 1026 2708 ad
1045 2663 1173 2711 necem.

243 2726 274 2786 is
296 2747 368 2790 eam
389 2729 522 2811 projecit
528 2751 539 2803 3
561 2731 642 2794 haec
661 2733 806 2814 puellam
827 2732 978 2801 sustulit3

243 2806 305 2870 Ille
326 2810 447 2874 illam
467 2814 655 2877 clanculum
676 2816 853 2877 observavit
873 2815 1025 2883 servolus,

245 2893 320 2970 Quo
341 2907 397 2954 aut
418 2914 495 2973 quas
514 2900 551 2959 in
570 2897 657 2959 aedis
677 2898 758 2960 haec
778 2898 924 2978 puellam
941 2894 1076 2961 deferat.

242 2973 289 3046 Ut
310 2994 437 3054 eampse
460 2998 514 3039 vos
536 2981 666 3043 audistis
688 2979 882 3050 confiterier,
1252 2996 1310 3057 1702

242 3054 410 3133 Meretrici
432 3078 502 3120 eam
523 3063 667 3142 puellam
688 3063 742 3124 dat
763 3059 961 3138 Melaenidi3

241 3141 350 3218 anue
372 3141 516 3204 educavit
537 3165 607 3205 eam
628 3145 689 3207 sibi
710 3165 768 3223 pro
789 3144 858 3204 filia

241 3223 330 3283 Bene
352 3242 389 3284 ac
410 3225 534 3303 pudice.
575 3229 661 3289 Tum
682 3227 753 3289 illic
773 3241 884 3288 autem
903 3225 1061 3285 Lemnius

242 3296 460 3385 Propinquam
481 3326 616 3370 uxorem
638 3312 750 3382 duxit,
772 3321 941 3391 cognatam
959 3327 1058 3377 suam.

240 3386 284 3446 Ea
306 3388 394 3447 diem
417 3409 507 3450 suom
531 3392 629 3464 obiit3
658 3393 742 3452 facta
761 3393 920 3471 morigera
937 3403 984 3450 est
1003 3391 1084 3451 viro.
1251 3408 1298 3470 175

239 3473 413 3551 Postquam
436 3473 494 3532 ille
514 3477 608 3536 uxori
629 3477 709 3551 justa
729 3475 822 3533 fecit:
851 3474 940 3533 eloco

239 3549 312 3612 Huc
334 3558 565 3636 conmigravit3
587 3558 681 3617 <luxit
703 3576 836 3617 uxorem
858 3556 919 3614 sibi

239 3631 403 3708 Eandem,
425 3658 522 3718 quarn
543 3640 623 3701 olim
642 3641 800 3720 virginem
820 3639 876 3702 hic
897 3653 1126 3718 conpresserat,

238 3813 849 3952 1111ιέξιξὶὲὲὲιηζιιξὲἒιιεηιῑόεθῇετ]1101,Μᾶξὲ
868 3812 1297 3948 iiqulblscliaenidgmffodsst:

238 3954 297 3989 iam
314 3942 439 3995 scribere
457 3948 564 3999 noctsd.
606 3946 661 4005 168.
678 3949 726 3999 Va
745 3947 799 3997 Illa
817 3948 889 3997 elom
906 3948 961 3996 obs.
978 3964 1080 3998 seruos.
1098 3947 1214 3998 Camer.
1230 3946 1294 3998 lut

239 4003 349 4054 addidit
363 4008 399 4057 ad
415 4011 607 4079 supplendum
621 4027 748 4063 versum·
784 4028 840 4081 ¹77·
857 4012 905 4063 Sic
917 4014 1027 4080 hugg.
1045 4016 1093 4068 Ὦ
1109 4030 1156 4063 ux.
1174 4013 1224 4065 bit
1237 4010 1291 4065 ιῦί
1307 4049 1313 4082 .·

238 4067 398 4127 Helmstad.
416 4078 467 4127 siu·
483 4078 545 4141 hic,
565 4084 596 4130 ut
611 4095 709 4130 errare
724 4077 818 4131 solent
833 4077 1012 4148 glossemata
1310 4097 1313 4102 ·
