2725 4659
516 305 753 376 rolmara.
1108 297 1181 394 fir
1219 358 1222 363 .

109 472 172 540 nr.
193 478 284 547 Fiat3
307 493 438 560 geratur
451 502 520 543 mos
532 483 600 544 tibi.
640 484 693 544 L1.
715 487 795 569 Age,
809 507 879 571 age,
893 507 995 570 usque
1014 497 1157 553 exscrea!
1181 551 1184 556 .

110 560 183 648 Dr„
205 563 379 642 Etianme?
436 566 487 626 L1.
516 567 605 647 Age,
636 586 752 646 quaeso
776 569 903 644 hercle,
939 578 1055 652 usque!

690 649 753 709 Dn.
781 652 832 713 Ex
852 657 968 733 penitis
988 658 1157 720 faucibus?

109 722 159 786 L1.
181 725 292 789 Etiam
310 726 460 809 amplius.
502 728 565 800 Dr.
585 728 670 791 Nam
686 738 870 813 quousque?
911 739 964 801 Li.
986 739 1095 819 Usque
1116 741 1158 802 ad

539 883 543 886 ι
621 828 764 875 mortem
784 818 866 878 volo.
1141 871 1144 882 .

108 890 170 952 Du.
201 891 299 962 Cave,
321 891 363 951 sis
382 891 504 952 malam
523 894 611 953 rem!
652 895 705 959 LI.
726 898 844 958 Uxoris
864 898 934 960 dico
957 921 1021 963 non
1033 918 1135 966 tuam.

107 972 171 1035 Da.
202 975 298 1048 Dono
318 988 351 1034 te
372 974 413 1034 ob
433 977 515 1034 istuc
535 976 665 1048 dictrun,
686 991 723 1036 ut
742 999 857 1059 expers
877 984 919 1041 sis
939 998 1040 1047 metu.
1115 1003 1157 1062 50

106 1054 158 1116 Lr.
181 1056 225 1117 Di
248 1058 308 1134 tibi
325 1056 414 1130 dent,
434 1075 645 1139 quaerunque
665 1064 769 1139 optes!
811 1061 874 1122 Da.
895 1065 1003 1130 Redde
1027 1086 1157 1145 operam

619 1144 711 1203 mihi.

109 1219 180 1280 Cur
199 1220 260 1302 boc
280 1241 339 1302 ego
361 1241 401 1282 ex
421 1235 642 1302 tequaeram,
664 1237 729 1284 aut·
742 1243 798 1284 cur
816 1227 948 1289 miniter
967 1229 1036 1301 tibi,

106 1301 279 1382 Propterea
299 1304 384 1383 quod
403 1324 456 1365 me
476 1324 542 1366 non
558 1310 718 1368 scientem
737 1307 862 1384 feceris,

103 1386 171 1445 Aut
191 1405 248 1447 cur
267 1400 426 1467 postremo
447 1385 513 1447 filio
534 1409 745 1461 suscenseam,

109 1467 215 1530 Patres
236 1484 273 1528 ut
292 1469 414 1531 faciunt
434 1471 554 1529 ceteri?
588 1472 637 1532 L1.
659 1472 746 1551 Quid
765 1472 848 1536 istuc
867 1475 945 1533 novi
964 1476 1035 1535 est?
1113 1492 1164 1557 55⁴

110 1547 294 1624 (Demiror,
317 1552 393 1630 quid
414 1553 464 1624 sit,
485 1565 528 1625 et,
549 1573 613 1632 quo
633 1556 754 1624 evadat,
776 1576 847 1616 sum
865 1556 903 1615 in
922 1555 1042 1636 metu.)

109 1630 168 1695 Dn.
196 1634 355 1711 Equidem
376 1635 439 1695 scio
460 1634 536 1710 jam,
557 1634 643 1696 filius
664 1637 750 1715 quod
771 1652 856 1698 amet
877 1657 967 1699 meus

107 1714 213 1775 Istanc
233 1719 437 1780 meretricem
457 1737 474 1777 e
495 1738 652 1796 proxumo
674 1719 870 1781 Philenium.

108 1795 201 1858 Estne
219 1797 290 1875 hoc,
307 1812 344 1859 ut
364 1800 445 1869 diso,
465 1801 610 1861 Libane?
651 1801 703 1862 h.
724 1802 861 1864 Rectam
879 1804 977 1863 instas
999 1804 1101 1875 viam3

108 1878 150 1938 Ea
169 1901 222 1941 res
242 1894 302 1944 est.
342 1882 402 1942 Sed
424 1901 499 1943 eum
517 1883 648 1944 morbus
667 1887 782 1945 invasit
802 1886 915 1967 gravis.
1113 1906 1155 1966 4o

106 1961 164 2025 Du.
187 1964 280 2041 Quid
293 1966 398 2025 morbi
412 1965 481 2025 est?
524 1966 575 2026 Lx.
598 1966 681 2043 Quia
695 1986 761 2026 non
774 1980 947 2048 suppetunt
963 1969 1060 2028 dictis
1070 1966 1152 2032 data.

104 2044 162 2106 Dr.
185 2046 286 2106 Tune
305 2066 338 2106 es
358 2047 482 2122 adjutor
499 2066 588 2128 nunc
607 2050 732 2128 amauri
751 2048 843 2108 filio?

104 2126 154 2189 Li.
177 2128 262 2189 Sum
284 2149 368 2203 vero,
391 2141 423 2190 et
444 2129 525 2195 alter
544 2143 652 2189 noster
673 2144 721 2190 est
739 2131 890 2194 Leonida.
1089 2201 1093 2209 Ι

106 2209 165 2275 Da.
191 2211 283 2273 Bene
303 2211 412 2273 hercle
433 2211 548 2283 facitis,
575 2226 607 2272 et
628 2232 646 2272 a
664 2233 718 2273 me
737 2213 826 2288 initis
847 2212 992 2294 gratiam.
1040 2257 1041 2262 η

109 2291 222 2354 Verum
242 2313 352 2354 meam
371 2313 517 2365 uxorem,
538 2292 673 2366 Libane,
695 2297 764 2363 scis,
787 2298 888 2376 qualis
909 2298 989 2354 siet?
1111 2313 1154 2376 45

110 2372 158 2438 Lr.
185 2376 238 2436 Tu
259 2379 381 2457 primus
403 2381 515 2446 sentis,
537 2396 594 2436 nos
613 2390 722 2437 tamen
741 2380 777 2435 in
798 2380 902 2457 pretio
924 2395 1043 2440 sumus.
1144 2399 1145 2404 ¹

110 2456 167 2521 Da.
195 2451 327 2530 Fateor,
348 2478 419 2517 eam
440 2478 505 2519 esse
524 2460 731 2538 inportunam
752 2472 847 2538 atque
866 2458 1113 2525 incommodam.
1143 2484 1148 2490 ·

108 2537 155 2603 Lr.
188 2542 352 2602 Posterius
371 2542 453 2601 istuc
476 2540 554 2603 diois
577 2560 670 2620 quam
691 2541 784 2601 credo
804 2542 875 2602 tibi.

107 2620 165 2685 Da.
194 2621 316 2685 Omnes
336 2637 495 2702 parentes,
516 2623 655 2697 Libane,
674 2625 783 2684 liberis
804 2627 881 2695 suis,

110 2703 170 2782 Qui
187 2709 236 2768 mi
264 2706 495 2780 auscultabant,
514 2707 635 2767 facient
655 2701 913 2786 obsequentiam:
1110 2726 1151 2788 50

110 2788 228 2869 Quippe
252 2791 307 2870 qui
326 2808 420 2870 mage
442 2790 544 2849 amico
566 2802 701 2849 utantur
722 2802 819 2871 gnato
841 2804 873 2849 et
894 2789 1058 2855 benevolo.
1100 2863 1103 2870 Ι

107 2875 206 2949 Atque
227 2892 290 2954 ego
311 2892 364 2932 me
383 2871 417 2930 id
437 2873 541 2933 facere
562 2872 688 2931 studeo:
710 2872 780 2931 volo
801 2875 901 2934 amari
920 2890 938 2932 a
957 2878 1056 2945 meis;

105 2950 180 3013 Volo
201 2973 257 3016 me
277 2953 375 3028 patris
396 2955 544 3023 similem,
567 2954 623 3033 qui
644 2972 739 3013 cansa
757 2973 830 3014 mea

105 3031 273 3099 Nauclerio
294 3038 358 3115 ipse
380 3051 497 3098 ornatu
516 3056 572 3117 per
592 3036 767 3109 fallaciam,

108 3115 211 3196 Quam
230 3119 391 3194 amabam,
412 3119 545 3181 abduxit
565 3118 604 3178 ab
623 3119 742 3179 lenone
761 3107 946 3194 mulierem,
1109 3138 1151 3200 55

169 3341 209 3394 27·
231 3329 286 3394 Agr
303 3327 421 3381 accessit
442 3343 476 3382 ex
492 3326 589 3381 Guelt.
606 3326 763 3381 Holmstad.
787 3337 817 3380 et
834 3337 907 3380 vett.
925 3329 1071 3381 nonnullis
1087 3327 1151 3380 eda

106 3391 153 3441 V.:
170 3395 213 3445 Et.
244 3393 289 3445 Lr.
312 3395 499 3461 Quassatam
515 3414 556 3446 er.
569 3413 595 3463 p.
608 3396 645 3466 f„
667 3404 708 3454 28.
725 3396 772 3446 V.:
787 3394 943 3448 secundnm
953 3396 1014 3447 edd.
1027 3394 1149 3473 medias:

106 3456 159 3508 Du.
172 3460 286 3510 Etiam?
299 3461 343 3511 Li.
352 3462 483 3528 Amplius.
505 3461 560 3513 Dr.
574 3461 647 3539 {iiam
656 3471 710 3514 etc.
743 3460 855 3539 3⁶·,h00
869 3460 933 3514 loco
946 3466 1055 3531 positus
1065 3468 1108 3510 est
1120 3478 1151 3512 rn

105 3523 153 3657 ἓξ
153 3522 212 3643 3ξὲ
220 3524 446 3664 ἓὲἓῖἲέζυίἓῖἶ,
453 3527 1079 3669 ⁰33⁰<tteuittftttt21..t²..⁶,‚².3ta.⁶¹¹;¹,ss
1088 3527 1151 3644 *ii-T

106 3656 295 3737 tusioqrrendi
307 3676 378 3724 mos,
387 3675 480 3728 neque
488 3612 567 3729 vssgi
577 3660 784 3724 tantummodo,
793 3669 824 3712 ut
829 3657 998 3728 persuadere
1010 3666 1091 3732 cupit
1104 3659 1150 3711 vir

105 3721 235 3776 illustris.
260 3725 302 3775 Cf.
323 3725 406 3778 Cure.
422 3743 482 3793 191,
500 3733 542 3793 et,
581 3743 631 3779 uos
646 3724 796 3778 laudamus
818 3724 1086 3778 adeumlocumur
1104 3726 1149 3779 ed.

105 3797 201 3867 nostra
211 3792 309 3844 Plauti
325 3792 444 3869 majore,
461 3795 539 3845 Varr.
558 3743 739 3859 isinum,
758 3792 818 3845 Cic.
837 3791 871 3843 de
889 3789 945 3843 Off.
966 3804 989 3853 1,
1008 3804 1047 3855 12,
1070 3790 1148 3846 Suet.

105 3853 194 3932 'PR-8,
213 3874 247 3908 ex
259 3860 465 3935 reeenttoribus
480 3873 546 3912 vero
558 3860 690 3928 inprimis
702 3858 812 3936 Sciopp.
827 3860 907 3926 Susp.
916 3858 1007 3933 Deett.
1014 3871 1040 3924 4,
1047 3874 1073 3925 9.
1140 3897 1165 3933 ,Ο

102 3917 475 4001 Librr'rersnrmpiugente:
495 3929 593 3978 nescis.
609 3925 689 3980 Male
701 3934 824 3993 repetita
836 3940 894 3976 esse
912 3921 1026 4000 truatur
1043 3944 1075 3976 ne
1087 3876 1149 3994 82?-

104 3979 166 4039 laba
183 4006 214 4040 sn
233 3991 344 4043 Lrbane.
393 3992 435 4062 46.
452 3994 497 4044 Ita
514 4000 569 4045 vet.
582 3992 645 4044 cod.
663 3994 808 4044 Camerar.
827 4000 856 4041 et
867 3989 1015 4057 Largium.
1033 3992 1081 4043 V.:
1099 4011 1152 4068 τως,

102 4064 190 4169 ταιηὲῃ
218 4059 445 4180 ῗαεηοεοῦιηαεῇ
460 4126 470 4178 l
485 4072 527 4125 50.
551 4057 596 4110 Ira
617 4056 690 4109 Scal.
719 4064 749 4109 et
771 4056 937 4111 Grut..·V.:
967 4055 1146 4126 obsequelam.

101 4130 139 4187 53.
176 4138 203 4173 rc
247 4139 329 4193 augg.
371 4147 396 4179 ..·
442 4142 544 4177 orme
560 4138 616 4194 par.
634 4125 763 4198 meirim.
