2725 4659
427 248 760 337 CISTELLARIA.
1049 277 1122 358 ³85

66 441 169 507 Dictis
188 440 287 504 Illaec
307 441 398 502 Forti
417 439 559 503 Fortuna
577 441 689 505 fortius

65 527 162 585 Auris
183 527 328 587 obturata·
363 523 453 606 Ergo¹
469 524 638 587 olumnam
657 545 737 586 voco
756 527 857 592 forest

66 610 175 681 „Nam
195 591 287 668 illaec
307 608 369 667 tibi
388 609 500 667 nutrix
522 621 585 667 est:
607 628 649 670 ne
670 621 811 670 matrem
831 607 974 675 censeas!

65 689 159 768 „Ego
180 703 214 750 te
233 689 353 761 reduco
374 700 406 749 et
427 689 467 747 ad
487 689 612 751 divitias
633 710 755 762 revoco,

65 770 156 846 „Ubi
175 785 213 832 tu
233 772 338 833 locere
358 772 395 830 in
414 769 616 833 luculentam
636 774 808 847 familiam,

61 853 184 926 „Unde
203 854 267 913 tibi
286 852 406 912 talenta
425 871 543 934 magna
564 857 681 939 viginti
701 869 790 934 pater

64 935 155 1009 „Det
176 935 273 994 dotis!
294 934 369 994 Non
390 937 478 996 enirn
496 936 563 1007 liic,
585 940 640 998 ubi
658 956 702 1015 es,
723 937 829 999 Tusco
849 936 953 1000 modo

63 1018 175 1087 „Tute
196 1017 257 1077 tibi
277 1017 409 1098 indigne
429 1017 537 1078 dotem
558 1038 695 1097 quaeras
713 1038 843 1099 corpore
852 1019 885 1084 !“

61 1100 124 1161 Pir.
147 1101 199 1160 An
219 1100 344 1168 amabo,
365 1103 519 1161 meretrix
538 1102 596 1163 illa
614 1110 675 1173 est,
697 1119 778 1184 quae
798 1103 891 1163 illam
910 1101 1054 1165 sustulit,
1112 1126 1121 1149 .-

61 1181 126 1244 Lu.
146 1182 216 1241 lmo
237 1183 308 1242 fuit.
337 1179 408 1252 Sed,
432 1197 469 1242 ut
490 1185 530 1244 sit
551 1182 718 1256 eadere,
746 1185 886 1263 eloquar.
1061 1197 1124 1264 295

61 1265 139 1325 Jam
159 1264 374 1338 perducebam
394 1265 487 1324 illam
508 1267 549 1328 ad
568 1284 622 1327 me
642 1265 772 1327 suadela
793 1282 878 1330 mea.

61 1349 151 1407 Anus
172 1348 203 1406 ei
223 1345 374 1426 amplexa
396 1358 443 1406 est
463 1366 578 1428 genua,
600 1347 740 1428 plorans,
762 1351 936 1414 obsecrans.

61 1431 115 1491 Ne
137 1429 260 1490 deserat
282 1449 329 1488 se:
353 1446 537 1491 eamsuam
558 1449 625 1490 esse
645 1432 767 1502 filiam

61 1510 170 1589 Seque·
187 1530 260 1570 eam
282 1513 579 1590 peperissessanote
600 1513 765 1588 adjurabat
785 1513 876 1574 mihi.

62 1593 202 1666 „Istanc,
220 1612 315 1673 quam
338 1593 637 1675 quaeris,“¹inquit,
659 1615 743 1680 ;,ego
763 1598 886 1656 amicae
906 1594 982 1657 dedi
1059 1615 1120 1677 5⁰0

60 1674 170 1744 Meae,
193 1695 271 1754 quae
297 1673 544 1737 educaret'eam
567 1697 625 1757 pro
645 1677 749 1738 filiole
771 1688 862 1759 sua3'

62 1759 102 1818 Et
125 1760 238 1831 vivit,“
258 1760 374 1836 inquit.
403 1757 491 1828 „Ubi
511 1758 549 1819 eo
574 1773 622 1820 est
632 1760 667 1818 ?“
687 1762 823 1838 inquam
846 1760 1046 1839 extempulo.

22 1858 25 1869 ’
62 1841 118 1900 ΡΗ.
143 1840 273 1900 Servate
291 1858 355 1909 me,
377 1840 588 1908 di,'·obsecro!
615 1841 689 1902 Mn,
707 1847 750 1903 At
765 1854 825 1902 'me
849 1841 1002 1920 perditis!

62 1927 119 1986 ΡΗ.
144 1925 220 2002 Quo
241 1921 340 1982 illanc
361 1921 507 1995 dedisset,
528 1926 704 2003 exquisisse
725 1927 877 2004 oportuit.

61 2005 119 2066 Lu.
143 2005 300 2084 Quaesivi
321 2016 354 2064 et
375 2003 467 2076 dixit,
487 2008 651 2067 meretrici
671 2003 860 2067 Melaenidi.
1057 2023 1119 2086 505

61 2083 127 2148 Ma.
151 2089 270 2163 Meum
291 2086 448 2146 elocutust
469 2089 604 2161 nomen!
625 2089 740 2149 interii
760 2088 894 2169 oppido!

61 2169 118 2233 Lu.
140 2169 211 2231 Ubi
231 2169 359 2229 elocuta
380 2182 441 2228 est:
464 2186 524 2251 ego
544 2173 697 2232 continuo
717 2173 897 2252 interrogo:

62 2248 147 2326 „Ubi
171 2251 343 2318 habitat3“
365 2254 509 2333 inquam.
538 2253 634 2323 „Duc
655 2271 692 2311 ac
712 2252 896 2329 demonstra
915 2250 1038 2316 mihi!“
1057 2282 1100 2302 -··

62 2339 206 2408 „Avecta
214 2333 418 2411 est,“inquit,
429 2353 584 2417 „peregre
592 2335 669 2396 bino
676 2334 893 2396 habitatum.“
908 2331 977 2397 Mn.
989 2333 1121 2417 Obsipat

60 2419 229 2498 Aquolam.
245 2417 304 2476 Lu.
315 2414 413 2496 „Quo
429 2430 535 2477 avecta
550 2430 609 2490 est,
620 2438 658 2478 eo
666 2418 853 2496 sequemur!
868 2416 963 2476 Sicne
971 2419 1038 2499 agis
1059 2437 1120 2496 5¹0

62 2500 218 2581 ,oNugasl
239 2494 372 2560 Peristi!
396 2498 446 2558 Ne
461 2498 570 2560 hercle
585 2499 646 2561 hoc
659 2498 820 2581 longed!“
840 2497 951 2560 Institi

61 2582 185 2651 Instare
205 2598 304 2659 usque
325 2580 415 2650 adeo,
436 2579 535 2641 donec
558 2602 590 2642 se
611 2583 743 2659 adjuratv
757 2600 836 2643 anus

62 2665 131 2726 Jam
152 2662 242 2743 mihi
260 2674 457 2741 monstrare.¹
473 2666 532 2726 Pir.
547 2666 592 2726 At
607 2684 675 2725 non
693 2665 824 2725 missam
848 2667 998 2743 oportuit.
1079 2732 1085 2740 s

61 2747 119 2810 Lt.
142 2746 310 2815 Servatum
333 2744 388 2805 sed
408 2745 499 2806 illaec
521 2767 554 2807 se
575 2747 736 2826 quandam
757 2747 843 2806 aibat
863 2747 1038 2812 mulierem

62 2828 156 2890 Suam
179 2827 428 2903 benevolentem
450 2831 619 2891 convenire
640 2832 739 2890 etiam
759 2831 857 2908 prius,
1037 2849 1121 2911 1515
1193 2902 1195 2904 Ι

62 2911 233 2973 Conmune
255 2928 393 2987 quacum
412 2910 447 2970 id
469 2925 549 2971 esset
570 2912 631 2973 sibi
653 2914 844 2994 negotium

61 2992 102 3055 Et
123 2996 197 3064 scio,
218 3005 396 3054 venturam.
427 2993 496 3055 Mn.
519 2994 576 3055 Me
596 2994 751 3055 indicabit
771 3007 804 3054 et
826 3013 896 3054 suas

60 3075 106 3136 Ad
126 3095 214 3137 meas
235 3076 378 3134 miserias
399 3075 484 3136 alias.
508 3070 571 3135 Pir.
592 3077 721 3136 Facien’
742 3080 912 3151 consciam,
992 3076 995 3081 ’

22 3187 25 3193 ’
64 3160 148 3239 Quid
155 3176 245 3231 nunc
254 3158 299 3216 vis
307 3156 413 3217 facere
419 3178 475 3220 me
488 3158 502 3216 l
516 3159 575 3221 Lt.
583 3157 673 3218 Intro
690 3159 743 3218 abi
755 3171 851 3238 atque
866 3163 974 3220 animo
981 3159 1066 3220 bono
1074 3180 1117 3223 es.

125 3292 184 3351 289.
201 3286 249 3336 V.:
273 3284 331 3351 Ego
350 3296 376 3335 te
393 3283 449 3335 red.
476 3297 501 3334 et
517 3301 583 3336 voco
600 3285 636 3335 od
654 3285 710 3339 div.
733 3284 794 3338 MS.
819 3284 974 3404 Schobinsg.
999 3295 1030 3339 et
1054 3286 1119 3339 edd.

61 3349 188 3407 mediae:
211 3369 314 3400 revoco.
364 3364 421 3418 292.
438 3350 485 3401 V.:
507 3350 569 3416 bic,
593 3348 640 3400 ubi
658 3368 692 3402 ex
715 3351 808 3415 Tuscov
829 3356 916 3404 modo.

62 3417 167 3469 mixtae
190 3434 202 3467 s
220 3425 249 3466 et
265 3432 282 3467 x
305 3414 419 3467 litterae
442 3415 474 3467 in
497 3415 654 3468 codicibus·
704 3431 761 3483 295.
778 3419 862 3471 Libri
878 3421 910 3470 in
927 3420 1057 3470 ordinent
1074 3435 1119 3469 re·

61 3490 142 3550 cepto
166 3482 350 3550 glossemate:
381 3485 440 3532 Imo
464 3485 590 3534 meretrix
608 3485 679 3549 joir.
740 3484 799 3550 306.
824 3488 922 3553 oppido
945 3485 1120 3539 accersite!

61 3546 123 3599 odd.
140 3548 257 3667 ὖῃεᾱὶίε.
316 3563 374 3619 5⁰7·
397 3550 444 3602 V..·
469 3561 553 3601 anum
576 3551 683 3616 interr„
706 3565 764 3620 quo
789 3567 886 3605 versuo
911 3549 1119 3619 corrumpitur.

62 3627 118 3679 gro.
165 3630 193 3669 ,ε

180 3712 212 3724 -
245 3712 278 3725 --
310 3711 344 3724 -
375 3684 409 3723 -‘
444 3682 554 3734 Siccine

182 3752 250 3817 Agis
265 3749 378 3817 nugas?
399 3749 567 3818 perlinam
585 3749 678 3802 hercle
692 3750 747 3802 boc
765 3752 854 3818 longe.
872 3751 969 3803 destiti

181 3819 291 3867 Instare
307 3824 361 3867 etc.
1166 3864 1169 3868 Δ

62 3875 166 3950 Scripti
181 3882 252 3947 fere,
269 3881 379 3950 syllaba
395 3908 409 3920 ·
420 3883 453 3934 ed
469 3881 789 3952 perperamgeminata,
807 3892 838 3933 et
853 3899 952 3934 rursus
967 3916 979 3926 ·
989 3885 1014 3936 ti
1029 3883 1121 3939 semel

61 3947 168 4011 posito:
194 3949 273 4014 longe
296 3949 397 3999 dedisti
421 3949 486 4015 (lon
508 3947 623 4015 ediititr',
640 3950 855 4015 'tongetedioit
906 3964 964 4018 517,
980 3952 1017 4002 Η.
1031 3968 1072 4007 ez
1090 3962 1121 4004 et

60 4008 130 4062 alios
142 4029 204 4066 suas
217 4014 307 4084 ipsius
318 4015 446 4069 miserias
460 4032 479 4069 a
507 4031 596 4070 meat.
628 4023 687 4082 318.
705 4016 753 4073 ibt
764 4015 820 4083 fac
831 4033 872 4067 mc
886 4033 976 4070 conse·
994 4019 1119 4090 Scriptit

60 4076 165 4142 faciem
182 4081 228 4134 vel
237 4081 351 4150 sociam
368 4098 459 4136 conso.
540 4143 543 4151 s

962 3370 1032 3430 aepe
1054 3369 1121 3420 por.-
