2725 4659
482 219 731 323 rsrurms
783 301 785 310 ,
1082 278 1131 347 75

82 431 125 493 Ni
143 432 237 496 hodie
256 435 434 517 Argyrippo
454 432 568 512 viginti
589 443 694 491 essent
714 433 839 514 argenti
858 434 986 508 minae3
1041 449 1131 516 ,545

63 518 173 576 iussit
194 516 248 575 vel
268 539 325 577 nos
346 519 529 584 atriensem,
550 513 600 573 vel
620 533 677 578 nos
697 534 832 576 uxorem
853 535 957 580 suam.
1053 567 1057 576 ,
1129 565 1132 576 ,

83 597 297 667 Defraudare3
319 619 386 658 sese
406 599 490 657 dixit
511 615 641 674 operam
661 599 853 674 promiscam
873 598 958 660 dare.
1091 595 1093 602 ’

83 683 175 743 Nunc
196 694 233 740 vu
263 682 317 752 rbi
338 681 505 754 adfurum
531 677 573 737 ad
592 677 708 738 herum
730 693 762 738 et
782 700 891 753 narra,
917 681 996 750 haec
1016 693 1055 741 ut
1074 699 1135 744 nos

596 774 696 819 acturr
717 782 846 822 sumus:

86 844 193 905 Teex
212 844 356 907 Leonida
375 846 526 905 futurum
546 863 611 902 asse
629 845 802 918 atriensem
823 845 987 917 Sauream3

85 928 169 988 Dum
191 926 500 1008 argentumtadierat
515 939 673 986 mercator
694 945 750 1002 pro
766 928 871 987 asinis.
912 925 972 991 Lu.
994 929 1134 1000 Faciam,

369 1057 377 1080 ,
510 1073 517 1089 ο
595 1020 632 1065 ut
653 1008 773 1082 jubes.v
866 1035 870 1041 ·
1075 1029 1136 1087 550
1186 1043 1195 1057 s

85 1092 135 1155 Lr.
163 1092 233 1175 Ego
261 1092 508 1164 illumiinterea
534 1091 590 1150 hic
616 1090 799 1161 obiectam,
828 1091 916 1169 prius
937 1093 963 1151 si
980 1093 1063 1154 forte
1083 1094 1135 1155 ad·

594 1186 728 1230 venerit.
995 1177 1015 1234 i.
1033 1191 1056 1237 t.
1086 1200 1089 1208 ⁴

86 1256 143 1317 Lu.
175 1256 262 1334 Quid
283 1257 350 1317 ais?
391 1256 443 1319 Lr.
468 1255 646 1335 Quidvis?
687 1254 746 1315 Lu.
768 1256 882 1337 Pugno
903 1256 1023 1316 malam
1037 1261 1063 1319 si
1077 1260 1140 1319 tibi

594 1356 789 1417 percussero,
954 1352 976 1397 t.
991 1354 1012 1398 t.
1029 1360 1055 1403 c.

88 1418 166 1480 Mox
176 1439 272 1497 quom
281 1421 421 1482 Saurean
428 1421 588 1498 imitabor,
597 1431 708 1478 caveto
715 1439 756 1478 ne
765 1438 955 1481 suscenseas.
968 1442 1010 1481 as.
1018 1424 1075 1485 td.
1083 1423 1138 1485 id.

86 1503 136 1562 Lr.
157 1503 276 1562 Hercle
298 1525 369 1565 vero
390 1520 433 1565 tu
450 1501 585 1575 cavebis,
606 1520 648 1562 ne
668 1505 880 1583 meattigas!
913 1497 1020 1564 Si'me
1037 1503 1136 1587 tagis:

87 1588 154 1648 Nae
199 1585 295 1646 hodie
316 1657 319 1664 Ι
344 1587 433 1647 malo
473 1603 548 1646 cum
590 1586 730 1664 auspicio
771 1604 894 1644 nomen
930 1602 1139 1649 conmutare-

517 1709 520 1716 ·
593 1667 654 1726 ris!
926 1681 949 1729 t.
966 1681 988 1728 t.
1010 1689 1035 1731 c.
1078 1687 1140 1749 355

86 1750 144 1813 Lu.
173 1750 297 1828 Quaeso
325 1770 426 1831 aequo
456 1752 564 1811 animo
585 1752 713 1829 petitor.
764 1748 816 1809 Lr.
844 1748 967 1809 Patitor
988 1766 1025 1810 tu
1047 1756 1144 1824 item..

600 1852 695 1909 quom
718 1850 775 1911 ego
802 1844 835 1890 te
856 1832 1017 1893 referiam.

87 1916 145 1979 Lu.
174 1916 267 1990 Dico,
288 1928 326 1975 ut
346 1906 422 1994 usus
442 1914 522 1977 fieri.
564 1914 615 1974 Lr.
638 1913 720 1973 Dico
732 1912 841 1973 hercle
862 1934 920 1993 ego
942 1936 1080 1995 quoque,
1103 1931 1142 1978 ut

191 2063 194 2077 .
341 2066 344 2072 Ι
435 2046 436 2049 ,
600 1997 742 2056 facturus
764 2015 843 2055 sum.

86 2077 145 2144 Lu.
166 2083 216 2143 Ne
230 2099 322 2163 nega.
365 2080 417 2142 L1.
442 2073 864 2159 Quin'promittodnquam,
882 2078 1004 2141 hostire
1021 2094 1141 2157 contra,

586 2173 587 2176 ’
601 2176 637 2221 ut
655 2180 822 2223 merueris.

86 2246 146 2306 Lu.
173 2243 242 2327 Ego
264 2244 360 2315 abeo3
382 2258 436 2318 tu,
457 2244 525 2321 jam
545 2245 627 2317 scio,
647 2244 779 2326 patiere.
821 2241 882 2302 Sed
906 2246 975 2322 quis
996 2244 1050 2305 hic
1072 2247 1142 2305 est?

605 2326 635 2386 Is
656 2327 722 2385 est!

88 2407 151 2469 Ille
168 2422 219 2492 'est
239 2411 343 2489 ipsus!
371 2407 444 2469 Jam
465 2391 524 2492 ego
544 2429 672 2469 recurro
692 2406 774 2465 huc:
802 2419 841 2465 tu
868 2405 955 2466 hunc
980 2406 1034 2468 iiic
1061 2391 1145 2470 inte-

95 2545 99 2552 ,
132 2523 136 2530 v
603 2510 658 2551 rea
678 2502 771 2549 tene:
1082 2496 1145 2570 55⁰

89 2573 172 2655 Volo
193 2574 262 2637 seni
281 2592 421 2638 narrare.
462 2572 514 2634 Lr.
538 2573 629 2715 Qui?
648 2585 739 2692 ‘imam
762 2569 906 2633 officium
921 2574 997 2635 facis
1016 2595 1092 2657 ergo
1107 2596 1143 2637 ac

336 2679 342 2695 =
505 2683 524 2730 g
618 2676 706 2738 ugrs.

479 2832 772 2852 Μ

326 3020 628 3088 MERCATOR.
676 3016 913 3087 LIBANUS.

89 3182 186 3248 Muri.
207 3186 253 3248 Ut
274 3188 506 3252 demonstratae
529 3200 602 3248 sunt
625 3186 726 3261 mihi,
747 3187 841 3250 hasce
862 3192 948 3253 aedis
970 3211 1036 3251 esse
1056 3211 1147 3271 opor·

522 3295 525 3302 ·
606 3282 667 3341 tet,
930 3277 951 3336 i.
961 3287 983 3335 t.
993 3294 1021 3336 c.
1035 3274 1107 3352 11‚5

89 3352 312 3417 Demaenetus
332 3355 389 3416 ubi
411 3354 530 3415 dicitur
551 3351 703 3417 habitare.
725 3352 752 3426 I,
773 3373 880 3433 puers,
901 3357 1003 3439 pulta,

158 3561 217 3614 547.
239 3552 401 3616 promiscam
413 3550 538 3601 Palmer.
550 3546 649 3617 Spicii.
658 3565 692 3666 X
706 3549 780 3615 690„
797 3549 826 3601 h.
846 3568 871 3603 e.
888 3548 1150 3618 indiscriminatim,

89 3610 151 3663 sive
163 3615 319 3667 atriensem
343 3619 403 3681 sire
420 3632 540 3667 uxorem
556 3613 656 3666 defreu
677 3633 725 3666 are
738 3617 904 3668 institerint.
917 3619 965 3672 V.:
980 3617 1150 3687 promissam,

91 3680 173 3747 quod
190 3681 227 3732 ad
241 3680 283 3734 61.
298 3701 374 3755 seqq.
387 3682 523 3735 refertur.
540 3682 595 3734 Sic.
610 3690 639 3733 ct
653 3681 732 3734 Guil.
767 3696 824 3747 353.
842 3683 925 3733 Libri
937 3698 1021 3733 vorsu
1035 3680 1151 3737 hiante:

93 3747 240 3800 Sauream.
265 3750 327 3800 vid.
351 3760 409 3802 not.
432 3748 469 3800 ad
494 3748 599 3817 Amph.
617 3748 675 3865 6913.
726 3761 784 3815 554.
802 3748 928 3800 Plurimi
944 3747 1042 3799 codd:
1061 3767 1093 3799 ne
1110 3770 1153 3803 me

91 3815 221 3880 attingas
239 3817 263 3865 st'
280 3835 321 3867 me
339 3820 423 3881 sapis,
440 3816 484 3865 vei
502 3818 526 3865 si
543 3816 627 3881 sapis.
668 3813 704 3866 al.
722 3829 747 3877 5.
765 3816 842 3868 Junt.
860 3814 939 3866 Ala:
958 3833 992 3865 ne
1010 3835 1051 3866 me
1070 3821 1152 3869 attin-

112 3898 163 3948 as,
189 3881 216 3931 si
238 3886 322 3948 sapis.
356 3882 411 3944 Sed
433 3881 570 3933 Taubm.:
596 3883 690 3947 ‚‚Ita,“
713 3880 819 3948 inquit,
844 3882 949 3945 „Grut
968 3881 1057 3936 ductu
1073 3884 1152 3936 MSS·

87 3897 155 4000 igal.
182 3955 211 4000 ot
234 3958 288 4007 vet.
311 3948 372 4001 cod.
393 3949 565 4019 (Gamerar.)
589 3956 619 3999 et
639 3947 683 3998 ed.
706 3947 753 3997 Pii
769 3947 927 3997 restituit.“
950 3949 1051 4018 Neque
1068 3949 1154 4003 aliter

88 4013 272 4136 Hellr'rrstade
289 4032 410 4087 eamque
426 4015 600 4086 scripturam
617 4023 746 4068 matrum
762 4011 820 4064 loci
835 4014 893 4078 jam
908 4024 1058 4084 repertum
1076 4034 1152 4069 com·

87 4100 144 4153 pro
168 4088 208 4136 nt.
398 4101 401 4110 ¹
597 4121 598 4124 η
