2725 4659
404 290 741 369 crsruntsnra
994 288 998 299 ’
1031 319 1102 391 277

42 468 101 544 Et,
122 471 200 555 quid
214 468 277 534 tibi
298 481 362 542 est,
384 481 434 544 et,
456 471 533 552 quid
549 472 627 532 velis
650 485 794 536 nostram
814 494 962 553 operam:
985 490 1021 538 ut
1041 498 1100 540 nos

159 613 160 616 ,
554 573 699 618 sciamus.
891 573 894 580 ’

41 633 136 704 Noli,
158 634 305 703 obsecro,
326 633 480 696 lacrumis
502 638 568 697 tuis
586 638 634 695 mi
657 640 847 698 exercitum·
862 641 1038 720 imperare!

42 716 85 780 Sr.
108 717 198 779 Male
217 718 395 790 excrucior,
416 734 489 778 mea
504 720 727 799 Gymnasium,
741 721 827 782 male
841 723 923 782 mihi
936 738 994 798 est,
1014 725 1101 786 male

446 850 450 859 .
553 821 716 873 maceror3
907 817 930 866 t.
949 820 973 870 t.
989 826 1018 872 c.

40 879 146 941 Doleo
162 882 334 951 anonimo,
355 880 447 941 doleo
462 870 502 941 alr
516 883 630 956 oculis,
652 884 746 944 doleo
760 885 801 943 ab
816 888 1022 969 aegritudine.
1059 893 1099 951 60

42 964 132 1042 Quid
147 964 263 1034 dicam,
279 964 353 1032 nisi,
368 963 506 1024 stultitia
516 984 570 1025 me
583 986 655 1026 mea
666 966 746 1027 indu
753 986 933 1028 moerorem
942 971 1029 1048 rapii
1046 973 1098 1033 i.t.

39 1045 106 1111 Gr.
128 1043 269 1117 Ibidem3
290 1045 376 1106 unde
395 1046 517 1119 oritur,
536 1048 639 1117 facito
656 1061 694 1108 ut
708 1048 805 1110 facias
823 1050 996 1112 stultitiam
1014 1050 1100 1132 sepe-

486 1200 494 1207 *
555 1130 691 1193 libilem.
906 1146 931 1194 t.
947 1147 972 1196 t.
992 1153 1019 1198 c.

39 1209 89 1276 81.
113 1211 179 1291 Qui
194 1206 334 1277 faciam!
376 1208 439 1275 Gr.
460 1210 501 1272 In
514 1212 653 1274 latebras
673 1211 844 1277 abscondas
865 1214 995 1295 pectore
1010 1217 1101 1298 peni·

437 1311 440 1321 ·
474 1302 477 1311 '
553 1298 700 1357 tissumo.
1002 1312 1005 1317 “
1133 1298 1134 1303 ’

39 1374 150 1436 Tuam
165 1375 340 1436 stultitiam
356 1374 422 1434 sola
435 1375 532 1437 facito
548 1380 585 1437 u't
600 1380 679 1438 scias
695 1382 764 1439 sine
780 1378 848 1440 aliis
865 1379 1004 1442 arbitris.

41 1459 87 1523 Sr.
108 1459 152 1519 At
166 1457 249 1517 mihi
261 1476 317 1517 cor
333 1469 391 1522 est
432 1459 496 1520 Gr.
520 1459 585 1538 Qui
605 1459 661 1526 id?
683 1461 769 1520 unde
783 1476 830 1522 est
852 1461 913 1522 tibi
933 1482 1006 1537 cor,
1028 1480 1109 1523 con-¹

54 1550 58 1559 '
553 1562 716 1613 memora,
738 1541 877 1614 obsecro,
908 1588 910 1593 >
992 1562 994 1565 ·
1058 1546 1101 1622 65

43 1625 137 1705 Quod
150 1640 255 1702 neque
271 1642 329 1706 ego
342 1620 446 1682 habeo
459 1640 565 1705 neque
577 1624 746 1702 quisquam
758 1624 820 1686 alia
828 1626 1012 1697 mulienut
1027 1644 1102 1706 per·

552 1705 666 1766 hibent
688 1703 778 1771 viri?

42 1787 86 1854 St.
107 1787 142 1848 Si
163 1787 299 1868 quidem>
313 1799 380 1859 est,
403 1786 489 1869 quod
504 1786 625 1848 doleat:
648 1787 735 1848 dolet
746 1809 755 1858 3
777 1791 955 1851 sinautem
970 1803 1033 1852 est:
1055 1803 1103 1850 ta·

553 1891 631 1930 men
646 1868 708 1929 hoc
725 1870 803 1930 huic
818 1872 915 1935 dolet.

42 1952 103 2018 Gr.
123 1953 225 2013 Amet
240 1951 321 2013 haec
334 1951 464 2014 mulier.
507 1949 554 2015 81.
575 1950 656 2023 Eho,
676 1970 719 2011 an
735 1954 877 2034 occipere
893 1973 999 2016 amare
1016 1950 1103 2019 amass

292 2050 295 2054 ·
530 2041 533 2046 “
553 2053 630 2093 rum
643 2045 707 2103 est,
730 2036 879 2102 obsecro?

43 2116 102 2181 Gr.
111 2119 265 2201 Namque
278 2130 399 2178 ecastor
407 2115 643 2178 amoretmelle
656 2116 773 2178 etfelle
782 2114 1102 2180 estfecundissumus.

42 2199 161 2261 Gustui
171 2201 225 2258 dat
235 2201 347 2270 dnlce3
360 2219 504 2260 amarum
513 2200 553 2258 ad
562 2197 740 2259 satietatem
747 2219 848 2278 usque
857 2205 992 2282 oggerit.
1002 2201 1023 2260 i.
1031 2213 1054 2260 t.
1064 2221 1104 2276 70

41 2283 89 2345 Ad
109 2287 210 2344 istam
229 2283 348 2342 faciem
369 2294 416 2342 est
436 2281 585 2343 morbus.
620 2282 675 2357 qui
695 2301 773 2349 me,
794 2301 869 2343 mea
889 2283 1104 2364 Gymnasium

149 2387 154 2397 1
555 2375 708 2426 macerat.
752 2376 754 2381 “

41 2450 102 2512 Gr.
111 2447 308 2512 Perfidiosus
317 2444 1006 2526 amorestsS1.Ergoinmepeculatumfacit.
1014 2462 1039 2512 t.
1047 2442 1109 2509 t.c.'

43 2532 105 2595 Gr.
121 2531 215 2592 Bono
231 2531 341 2594 animo
357 2550 405 2591 es:
430 2529 490 2590 erit
504 2528 560 2589 isti
576 2526 690 2588 morbo
705 2529 831 2593 melius.
873 2529 919 2595 81.
935 2530 1107 2616 Confidam·

554 2611 636 2683 fore,
728 2616 731 2621 '
861 2628 864 2634 ·
902 2632 904 2635 ’

40 2694 190 2758 Medicus
204 2697 230 2757 si
245 2694 363 2768 veniat,
381 2697 434 2771 qni
447 2691 524 2754 huic
533 2694 646 2755 morbo
659 2693 765 2755 facere
779 2693 973 2755 medicinam
990 2706 1102 2773 potest.

41 2778 100 2841 Gr.
115 2777 245 2841 Veniet.
266 2774 311 2838 81.
328 2775 469 2856 Spissum
482 2777 562 2837 istuc
579 2778 701 2837 amanti
716 2790 763 2836 est
777 2777 915 2838 verbum
931 2778 1104 2853 „Veniet‚“

555 2861 619 2920 nisi
642 2859 739 2935 venit.
829 2878 831 2881 ’
1064 2874 1104 2938 75

42 2943 104 3003 Sed
123 2965 187 3026 ego
208 2961 280 3003 maa
295 2942 390 3021 culpa
405 2954 436 3001 et
450 2941 587 3001 stultitia
602 2941 691 3020 pejus
708 2943 825 3001 misera
838 2960 1000 3003 maceror:

42 3026 194 3109 Qniaego
207 3024 301 3085 illurn
310 3038 413 3084 unum
428 3027 475 3083 mi
484 3025 643 3100 exoptavi,
654 3024 786 3104 quicum
795 3037 933 3085 aetatem
943 3018 1104 3108 degerem.

40 3107 100 3171 Lu.
122 3110 293 3169 Matronae
308 3108 389 3167 istuc
406 3105 608 3166 conducibile
633 3108 735 3187 magis
756 3120 821 3178 est,
847 3127 919 3168 mea
934 3105 1105 3193 Silenium²

41 3190 157 3253 Unum
185 3209 291 3253 amare
313 3203 347 3250 et
374 3202 451 3251 cum
478 3207 515 3247 eo
541 3201 683 3249 aetatem
710 3191 861 3270 exigere,
898 3192 976 3270 quoi
1001 3204 1105 3270 nupta

559 3284 608 3329 est
628 3269 744 3335 semel;
959 3298 962 3304 ·

42 3357 166 3417 Verum
183 3357 271 3415 enim
286 3355 441 3415 meretrix
455 3353 614 3413 fortunati
628 3366 676 3413 est
693 3354 802 3433 oppidi
817 3353 1017 3414 similluma:
1066 3347 1110 3421 so‘

44 3439 120 3500 Non
133 3451 238 3520 potest
255 3456 346 3499 suam
361 3457 432 3498 rem
446 3435 592 3496 obtinere
605 3435 670 3497 sola
685 3436 753 3497 sine
768 3436 881 3497 multis
899 3437 985 3500 viris.

109 3658 153 3712 59.
170 3646 216 3697 Ita
233 3642 342 3710 Gueli„
359 3642 421 3697 Ms.
438 3645 558 3711 Mensa,
575 3645 645 3703 Jnnt
661 3642 725 3701 Ald.
754 3645 808 3720 Va
819 3673 852 3684 ·-
870 3641 1111 3719 imperqrepMea..

44 3709 83 3762 St.
102 3730 227 3778 exorna,
251 3728 338 3781 quam
354 3710 570 3763 distinctionem
607 3727 774 3777 ersonarnrn
799 3715 934 3775 ignorant
951 3706 1021 3758 Irbrr
1038 3718 1109 3769 vett.

43 3777 85 3831 61.
103 3779 153 3828 V.:
172 3779 201 3830 in
218 3797 298 3830 moer.
318 3796 339 3828 r.
374 3775 565 3833 tnsicncffl
597 3780 666 3830 .V.:
688 3778 824 3831 Indidem.
842 3772 954 3825 Guelf.:
973 3776 1009 3824 In
1026 3775 1107 3841 diem,

43 3845 116 3894 unde
134 3853 189 3896 etc.
240 3845 282 3910 65.
310 3847 358 3896 V.:
382 3846 413 3894 A.
432 3863 465 3895 m.
482 3845 633 3895 'cordolium
652 3856 701 3894 est.
737 3844 787 3893 Gr.
812 3841 875 3910 qnid
894 3840 944 3889 id?
967 3858 992 3891 u.
1020 3860 1042 3893 ι.
1061 3843 1111 3893 riti

46 3911 209 3979 cordolium,
228 3930 322 3963 comm.
340 3910 420 3960 obn?
443 3909 530 3962 nihili
546 3908 665 3989 quidem
683 3918 713 3961 et
728 3909 871 3959 sententia
887 3915 917 3957 et
932 3916 1035 3962 metro.
1069 3908 1109 3977 67.

43 3977 88 4027 Its
106 3975 204 4030 Guelf.
221 3981 270 4032 va
289 3978 400 4048 Siquid
419 3991 460 4028 est
474 4005 517 4041 -‚
533 3987 559 4028 'sr
577 3990 666 4026 nutem
684 3985 738 4026 etc.
765 3974 839 4023 Huic
857 3980 934 4042 (nem
953 3974 993 4025 sic
1010 3973 1109 4043 legen·

45 4041 115 4094 dnm
137 4043 264 4109 videtur,
281 4060 339 4095 non
356 4044 467 4109 hir,>ut
483 4044 597 4111 vulgo),
615 4038 801 4120 miffisqlmd
817 4039 1043 4107 frustraLamh.
1060 4043 1109 4103 ob,-

44 4108 191 4163 trudebat.
225 4126 265 4181 70.
283 4113 332 4163 V.t
351 4110 437 4162 Gustu
455 4111 504 4162 dat
521 4110 610 4163 dulce.
647 4109 761 4172 Gustus,
779 4105 814 4155 ad
831 4114 956 4172 gustum.
