2725 4659
466 274 771 350 Auefflrnuo
822 231 825 244 ’
1100 304 1151 375 4,

93 455 202 534 Quem
221 455 246 517 ti
260 466 456 538 comperero,
479 454 627 518 Teleboit
643 452 837 516 secrusicobo
853 453 1017 520 Manibus.
1039 469 1131 524 t,t.e.

91 543 160 599 Au.
176 539 266 601 Nihil
281 554 338 608 est,
355 555 392 599 ut
408 539 474 597 dici
488 540 579 611 solet,
594 538 678 618 quod
686 537 782 597 hodie
795 538 1043 602 succedotmihi.
1052 554 1076 601 t.
1086 554 1111 603 t.
1118 560 1147 602 c.

93 620 232 683 Deserui
250 621 489 701 Blepharonem
516 633 549 681 ot
576 619 713 691 Sosium,
747 633 782 682 ut
807 635 978 705 cognatum
1005 626 1148 694 Nauem,-

609 716 678 762 tem
925 720 949 766 t.
969 717 995 768 t.
1017 724 1045 767 c.
1127 723 1149 783 5

96 786 329 855 Convenirem3
349 785 438 845 huno
456 804 524 845 uon
544 786 663 864 reperi,
684 797 717 845 et
736 784 810 850 illos
831 787 962 865 perdidi.
1075 849 1079 856 ,
1112 845 1139 860 ι,

95 867 159 929 Sed
179 889 235 928 eos
255 867 356 932 video.
399 867 457 927 lbo
478 868 662 940 advorsum,
692 880 745 941 ut,
772 870 798 928 ei
819 868 897 949 quid
916 869 1055 939 habent,
1077 869 1152 930 scis·

608 952 697 1011 citer.
949 965 974 1015 t.
996 965 1019 1012 t.
1040 970 1069 1013 e.
1129 991 1133 1006 .

95 1032 148 1095 So.
170 1033 348 1113 Blepharo,
378 1031 463 1103 illic,
493 1033 549 1113 qui
575 1033 612 1093 it
640 1051 681 1114 ex
703 1029 851 1104 aedibus,
883 1046 931 1092 est
957 1032 1069 1107 herus,
1095 1031 1152 1093 hic

443 1134 467 1172 .’
611 1134 686 1175 veru
708 1126 768 1173 est
789 1113 959 1177 veneficus.
999 1117 1068 1177 it.

93 1199 154 1260 BL.
171 1197 262 1259 Proh
281 1197 421 1278 Jupiter,
450 1197 529 1277 quid
554 1196 688 1258 intuor?
730 1195 793 1254 Hic
821 1215 888 1256 non
915 1211 981 1268 est,
1008 1196 1064 1258 sed
1082 1196 1151 1268 ille,

606 1277 814 1357 Amphitruo.
1002 1281 1025 1338 i.
1046 1292 1071 1339 t.

93 1360 171 1423 Istic
193 1364 220 1421 si
239 1361 319 1433 fuat,
334 1361 432 1421 illum
452 1379 527 1422 sone
545 1381 615 1422 non
635 1381 725 1423 eum
747 1380 813 1421 esse
826 1362 980 1441 oportuit,
1000 1374 1089 1423 tte.
1113 1382 1152 1424 ro

92 1445 166 1506 Nisi
194 1441 394 1527 quidem'sit
422 1447 579 1527 geminus.
618 1447 683 1507 AM.
707 1445 828 1505 Eccum
852 1464 930 1505 cum
950 1442 1151 1524 Blepharone

605 1526 737 1589 sesiam
848 1525 850 1528 ’
948 1540 973 1589 t.
993 1540 1018 1590 t.
1039 1545 1068 1586 c.

94 1608 301 1689 compellabo
321 1607 381 1677 hor
402 1609 499 1689 prius.
612 1617 618 1627 ‘

94 1690 198 1762 Sosia,
220 1692 353 1753 tandem
374 1692 414 1752 ad
433 1693 515 1754 uos?
557 1691 680 1754 Esurio.
723 1690 774 1750 Ju.
806 1691 922 1752 Dixin'
943 1690 1031 1752 hunc
1053 1710 1149 1756 vene·

591 1774 732 1833 licum?
947 1787 970 1836 t.
992 1788 1017 1837 t.
1035 1793 1066 1837 c.

93 1858 158 1917 ΑΜ.
189 1856 259 1916 Imo
286 1876 345 1937 ego
373 1857 480 1930 hunc,
508 1857 654 1918 Thebani
683 1858 784 1928 cives,
813 1858 869 1937 qui
897 1856 985 1917 domi
1012 1876 1149 1918 uxorem

404 1965 407 1971 ·
605 1957 713 1998 meam
901 1979 903 1986 0
948 1953 971 2001 t.
994 1951 1017 2001 t.
1040 1957 1069 1998 c.

91 2020 302 2101 impudicitia
328 2023 461 2101 implet,
488 2042 546 2101 per
572 2041 669 2101 quem
696 2034 793 2083 teneo
819 2019 1010 2082 thesaurum
1036 2025 1148 2101 stupri

221 2143 224 2150 ,
916 2118 939 2166 t.
961 2118 1025 2167 ΜΣ
1110 2126 1124 2168 1

91 2184 145 2247 So.
167 2187 274 2260 Here,
295 2190 321 2249 si
340 2199 376 2248 tu
396 2205 484 2249 nuuc
503 2188 625 2261 esurie,
647 2205 708 2270 ego
728 2186 828 2247 volito
848 2186 888 2245 ad
907 2201 940 2247 te
962 2188 1079 2269 pugnis
1100 2123 1148 2249 αἱ

608 2285 670 2331 tur.
949 2284 972 2330 t.
995 2282 1017 2331 i.
1039 2288 1067 2331 c.

92 2353 160 2413 ΑΜ.
181 2341 328 2435 Pergin',
358 2353 530 2434 mastigia?
572 2350 622 2413 So.
643 2351 704 2412 Abi
725 2350 765 2411 ad
784 2350 1020 2422 Acheruntem,
1050 2370 1148 2412 vene·

607 2435 685 2497 fiee!
727 2435 792 2494 Au.
815 2429 906 2494 Men'
929 2432 1130 2494 veneficum?

94 2516 235 2597 vapulat
279 2516 329 2578 Ju.
359 2518 466 2598 Quae,
493 2517 626 2597 hospes,
653 2515 881 2596 intemperiae,
909 2528 947 2575 ut
974 2532 1011 2577 tu
1037 2536 1151 2578 meum

605 2599 776 2662 verberes?
818 2603 884 2659 Au.
906 2598 1040 2660 Tuum?
1142 2673 1144 2676 ι

272 2737 276 2740 ,
660 2682 712 2744 iu.
733 2678 857 2743 Meum.
899 2684 965 2744 Au,
987 2683 1148 2745 Mentiris.

91 2766 145 2828 Ju.
168 2764 270 2842 Sosia,
291 2767 305 2827 i
323 2768 426 2829 intro:
449 2767 526 2829 dum
547 2764 822 2846 hunc-sacrufico,
842 2765 893 2825 fec
914 2779 1043 2844 paretur
1057 2785 1149 2848 pratr-

176 2872 181 2904 ·.
227 2893 230 2902 ,
259 2897 262 2903 .
605 2850 708 2909 dium.
939 2860 963 2909 t.
992 2862 1017 2909 t.
1038 2867 1066 2911 c.

92 2929 147 2992 So.
170 2929 235 2994 Ibo.
277 2931 563 3011 Amphitruonem,
585 2931 743 2999 arbitror,
764 2932 808 2993 ita
827 2929 976 2993 comiter.
1001 2933 1023 2990 i.
1041 2950 1071 2993 er
1106 2951 1152 2995 no,

92 3014 290 3093 Amphitruo
311 3016 457 3094 accipiet,
476 3029 599 3076 memet
617 3029 655 3075 ut
675 3013 797 3073 dudum
817 3013 875 3074 ille
896 3032 965 3095 ego.
999 3015 1021 3076 i.
1042 3035 1067 3076 s.

92 3096 222 3157 Interea
243 3097 320 3158 dum
340 3099 394 3158 itti
414 3111 553 3159 certent:
576 3101 611 3158 in
632 3098 783 3177 popinam
801 3095 1040 3157 devortundum
1061 3112 1085 3157 t.
1103 3110 1126 3161 t.

90 3181 152 3243 Est
179 3179 278 3240 mihi:
308 3180 415 3242 lauces
445 3180 610 3266 detergam
638 3180 759 3253 omnio,
795 3180 899 3239 omnis
913 3179 1039 3268 ,trullas
1067 3179 1148 3240 hau·

604 3263 696 3326 riom.
942 3276 966 3324 t.
993 3276 1017 3326 t.
1040 3282 1067 3326 c.

159 3404 186 3454 4.
209 3389 266 3470 Vt
281 3354 439 3470 birrorum.
488 3405 513 3458 7.
538 3389 613 3443 Cure
634 3385 724 3467 elida?
745 3388 832 3468 terlio
851 3390 935 3467 video·
948 3396 977 3439 et
995 3388 1148 3466 advorsum.

91 3455 1152 3603 ii·,ltt,¹i'it²iili·1mitit,ititi't'iit‘iii.⁸§{i''itiittiig

91 3589 235 3659 quidquid
257 3590 417 3655 verbine,
440 3589 603 3658 tigmfieare
633 3589 673 3642 ait
696 3590 865 3651 sordidavir5
893 3605 967 3657 quae
995 3585 1149 3654 explicatro

92 3656 192 3710 neutri
209 3657 330 3710 istorum
345 3658 478 3709 convenit
517 3658 653 3709 convenit
675 3656 761 3707 verbo
785 3657 822 3706 im
842 3657 879 3706 let
920 3651 995 3722 quod
1012 3663 1046 3703 ut
1060 3668 1149 3731 pone-

91 3739 166 3787 rem,
182 3728 280 3774 'versus
297 3722 383 3775 etiam
401 3693 536 3774 monehut
551 3724 655 3790 iroth„
672 3722 754 3785 cujus
768 3720 801 3773 in
816 3674 862 3773 his
879 3692 973 3796 iorme
989 3720 1149 3770 mentiente.

90 3786 171 3867 illud
185 3791 326 3857 impetivit,
344 3788 415 3841 olim
426 3790 493 3855 fuit,
507 3799 541 3842 ut
550 3791 664 3859 opinor,
678 3790 842 3868 ιἠιρζιειυίιΖ
859 3803 926 3838 oum
944 3785 1080 3866 lrbruriut
1095 3803 1150 3855 pro

80 3854 440 3990 euerritur
457 3865 607 3992 rtur
622 3854 868 3985 rhetor
888 3853 1154 3997 trituret·

87 3986 144 4039 tibi
168 3989 231 4040 visa
251 3988 422 4041 adscribere.
463 4004 503 4040 21.
527 3990 578 4042 Hir
595 3992 711 4058 ineptus
739 3987 834 4039 nereio
867 4002 931 4055 quir
958 3986 1151 4057 interpolator

87 4052 216 4119 eddidit,
238 4070 313 4123 prun
327 4058 415 4174 vulpe
438 4055 577 4126 leguntur
593 4059 681 4110 verbu
704 4055 775 4108 alter
794 4055 874 4114 Sosia
894 4055 1009 4108 Setiam.
1043 4070 1084 4122 ις,
1100 4055 1149 4122 νᾳ

84 4123 245 4190 omncirque
262 4123 361 4174 trulias
396 4158 404 4173 .
