2725 4659
401 309 403 315 .
472 258 709 329 urrorcus
778 286 780 290 ·
913 318 918 333 ,
1043 274 1121 356 545,

64 441 156 519 Quae
170 460 202 502 se
219 451 340 504 emtam
356 434 505 511 simulet,
527 456 608 516 quae
622 434 713 498 senes
730 436 794 498 duo
807 438 1114 513 docte-ludificeturt
1181 502 1184 506 ,

59 523 146 584 Eam
156 521 249 602 ducet
264 520 363 585 simul
371 520 545 599 Apoecides
555 520 595 579 ad
607 533 700 579 tuom
709 533 843 600 patrem.
867 521 917 580 Sr.
929 521 976 583 ,Ut
989 527 1113 603 parate!

60 606 119 666 Er.
142 604 223 666 Eam
242 602 508 684 praemeditatam
529 604 614 679 meis
631 602 710 661 dolis
731 604 916 680 astutiisque
940 621 1086 668 onustam

58 685 206 748 Mittam.
229 686 290 745 Sed
305 685 402 745 nimis
414 684 547 766 longum
564 683 696 762 loquor:
718 684 775 744 diu
784 703 845 743 me
862 688 934 745 estis
948 686 1126 752 demorati'

59 768 152 829 Haec
161 768 247 829 scitis
262 768 326 844 jam
338 766 582 842 utfuturasint:
601 765 691 826 abeo.
710 765 1033 831 Snssenaambulsto.
1054 791 1115 848 670

61 849 124 914 Cra.
146 850 254 913 Nimis
267 848 380 909 doctus
391 848 448 908 ille
467 862 513 909 est
523 847 564 909 ad
574 847 864 990 palefaciundum.
907 848 960 910 Sr.
973 849 1032 914 Me
1045 856 1127 935 qui..
1152 898 1154 901 .

62 1012 207 1073 Servavit
231 1013 372 1075 consiliis
397 1012 471 1072 suis.
500 1016 582 1076 ·Gu.
597 945 770 1079 Ἑεὲζιιῖς
786 1014 871 1072 intro
891 1012 969 1072 hinc
994 1013 1034 1073 ad
1053 1035 1115 1078 ma

62 1093 117 1158 Sr.
140 1100 246 1174 Atque
268 1082 428 1174 aliquanto
443 1094 626 1191 lubentips,
648 1112 744 1173 quarn
761 1093 814 1155 abs
833 1107 954 1156 tasum
975 1116 1118 1179 egressus

21 1231 24 1237 ,
559 1210 562 1217 ·
587 1190 624 1236 nt
662 1218 670 1235 .
737 1218 741 1225 ·
1079 1212 1082 1226 ι

62 1258 194 1320 Virtute
207 1269 304 1339 atque
320 1197 601 1342 auspiciolipidici
611 1195 687 1320 cuudn
702 1256 819 1338 praeda
832 1261 870 1319 in
888 1272 990 1322 castra
1003 1261 1118 1328 redeo!

125 1531 463 1604 runrrnaurs.
506 1531 810 1599 scorcione.
854 1518 1056 1602 servos,

57 1649 123 1710 Pu.
133 1654 165 1713 N
167 1652 276 1710 onoris
284 1670 375 1710 causa
384 1649 478 1711 modo
486 1649 635 1710 homines
643 1667 778 1726 aequom
790 1651 855 1726 fuit
873 1653 894 1713 i.
904 1675 927 1715 s.
937 1652 996 1726 ΙΙΙ,
1005 1675 1034 1733 5,
1055 1668 1118 1735 375

61 1729 133 1790 Sibi
152 1731 267 1792 habere
289 1732 471 1812 speculum..
491 1730 601 1795 ubios
623 1734 877 1812 contemplarent
899 1756 988 1798 suom
995 1755 1005 1808 3

61 1812 147 1887 Sed,
168 1817 225 1892 qui
245 1821 420 1895 prospicere
440 1827 567 1894 possent
588 1834 641 1876 cor
661 1817 832 1894 sapientiis

58 1893 170 1974 Igitur
191 1903 365 1976 perspicere
386 1910 424 1955 ut
443 1909 570 1976 possent
589 1896 691 1956 cordis
712 1899 858 1977 copiam

59 1977 130 2040 Ubi
149 1979 184 2038 id
203 1981 434 2057 inspexissent,
455 1980 631 2059 cogitarent
642 1993 788 2055 postea„
955 2042 957 2051 ,

60 2058 172 2120 Vitam
195 2075 231 2135 ut
253 2064 404 2122 vixissent
424 2059 503 2121 olim
522 2063 557 2120 in
578 2058 803 2123 adulescentia.
1054 2073 1119 2143 580

61 2141 126 2201 Vel
146 2147 232 2220 quasi
253 2156 380 2226 egomet
400 2141 545 2221 quidem:
567 2139 617 2200 fili
637 2150 730 2202 causa
749 2160 917 2223 coeperam

62 2223 134 2301 Ego
154 2226 228 2284 med
249 2227 430 2285 excruciare
452 2224 574 2293 animi,
596 2227 684 2300 quasi
705 2225 782 2302 quid
801 2225 888 2286 filius

64 2305 162 2366 Meus
182 2308 367 2389 deliquisset
386 2326 438 2367 me
460 2323 552 2386 erga,
574 2317 630 2364 aut
651 2308 738 2384 qausi
757 2326 823 2366 non
843 2308 1023 2384 plurimum

64 2389 238 2451 Malelacta
258 2409 332 2452 mea
352 2401 456 2451 essent
476 2385 576 2447 solida
595 2389 631 2446 in
651 2386 873 2451 adulescentia.
914 2460 917 2461 ⁷
1022 2454 1024 2461 .

63 2470 214 2533 Profecto
235 2471 408 2532 deliramus
428 2467 591 2528 interdum
610 2488 709 2531 senes.
1057 2485 1120 2554 585

64 2553 143 2613 Fuit
164 2552 364 2613 conducibile
385 2553 451 2624 hoc·
465 2569 538 2614 rnea
559 2550 692 2631 quidem
713 2553 880 2619 sententia.

64 2634 130 2696 Sed
150 2656 239 2698 meus
260 2635 372 2697 sodalis
393 2637 419 2693 it
440 2652 514 2693 curn
534 2632 649 2711 praeda
669 2633 853 2712 Apoecides.

64 2718 184 2779 Venire
204 2718 321 2781 salvom
341 2728 550 2778 mercatorem
570 2715 704 2798 gaudeo.

68 2801 158 2881 Quid
174 2800 257 2878 fist.
276 2802 334 2863 Ar.
355 2799 399 2861 Di
419 2798 558 2876 deaeque
580 2811 613 2936 tp
633 2798 796 2875 adjuvant.
820 2842 892 2874 ··.·
933 2802 990 2864 Pr..
1013 2803 1122 2870 Omen

614 2894 693 2941 acet.

64 2966 123 3025 Arl
147 2965 228 3043 Quo‘
249 2963 397 3025 hominid
417 2982 528 3023 omnes
549 2901 721 3042 sulppetunt
742 2981 790 3020 res
811 2981 985 3047 prosperae.
1060 2988 1121 3051 59⁰

66 3010 187 3125 Sedctu
207 2986 293 3110 iiitro
314 3046 420 3123 jubeas
441 3044 524 3103 hanc
544 3043 669 3104 abduci.
713 3047 771 3105 Pr..
791 3043 899 3120 Heus,
920 3050 1020 3112 foras·

63 3130 167 3191 Exite
177 3130 249 3220 nuc
270 3129 398 3209 aliquis!
421 3157 462 3172 -·
490 3126 582 3185 Duce
602 3126 699 3206 istam
714 3128 802 3186 intro
821 3131 1008 3192 mulierem!

64 3215 173 3291 Atque
191 3257 201 3276 .
216 3257 225 3276 .
241 3257 249 3274 .
264 3214 282 3275 .’
300 3210 432 3271 audiu’?
475 3206 526 3269 Su.
550 3208 716 3288 Quidvis?
757 3208 813 3270 Pr..
837 3211 938 3286 Cave,
961 3217 1018 3291 sis,
1038 3215 1122 3295 hanc

228 3364 231 3371 Α
480 3315 483 3320 ·
576 3308 650 3350 cum
672 3289 743 3350 filia
902 3364 906 3369 ,

66 3376 146 3438 Mea
167 3376 309 3455 copulari
330 3393 434 3455 neque
455 3369 657 3449 conspicere!
699 3374 771 3437 iam
791 3377 901 3445 tenes?

65 3459 109 3521 In
129 3458 306 3519 aediculam
325 3459 428 3518 istanc
449 3473 589 3523 seorsum
610 3456 759 3516 concludi
785 3460 870 3520 volo:
1060 3471 1123 3541 593

64 3541 239 3602 Divortuut
257 3550 362 3601 mores
382 3538 501 3619 virgini
518 3536 616 3616 longe
637 3552 674 3597 ac
694 3538 799 3620 lupae.

280 3623 309 3651 ⁷.
748 3641 749 3644 Ἴ

135 3730 192 3799 368.
208 3732 255 3784 Sic
270 3731 342 3791 Pall.
357 3733 472 3787 Monac.
486 3731 646 3789 Helmetad.
662 3731 769 3802 aliique
784 3731 865 3785 libri.
887 3733 936 3782 V.:
960 3733 1124 3797 permedita-

66 3815 135 3858 tam.
186 3815 243 3867 577.
260 3801 309 3855 Va
329 3801 357 3851 S.
375 3816 400 3867 a.
417 3803 570 3870 perspicere
587 3821 614 3870 p.
634 3818 656 3852 c.
674 3800 837 3869 sapientiae.
880 3807 935 3865 578.
955 3786 1070 3850 snioece
1088 3800 1124 3851 li-

65 3867 262 3935 britpcssint.
312 3875 369 3933 381.
385 3868 416 3917 V.
425 3880 440 3920 t·
448 3869 480 3923 V.
500 3885 526 3934 q.
547 3880 659 3933 egomet,
677 3867 724 3934 qui
740 3867 803 3919 dum
817 3866 874 3930 filit
886 3884 916 3926 e.
937 3881 960 3914 c.
1006 3880 1062 3932 590.
1079 3867 1124 3920 Ite

64 3932 150 3996 Guil.
174 3931 288 4048 quaeat.
305 3932 336 3985 in
352 3930 433 4001 Epist.
451 3948 476 3982 c.
494 3949 520 3990 a.
535 3935 584 3987 V.:
606 3932 678 3999 Quut'
695 3932 780 3981 omini
796 3949 887 3982 ornnes
905 3948 926 3981 s.
944 3949 964 3982 r.
980 3949 1021 4000 pr.
1049 3933 1123 3985 Pau.

62 3998 158 4051 nostri
172 4016 189 4053 a
201 3996 277 4068 iique
294 4005 377 4053 tetta
394 4000 507 4053 domini.
575 4013 616 4068 95.
632 4001 677 4052 Ita
691 3996 848 4049 Helmstad.
865 4006 894 4047 et
910 3995 972 4050 edd.
990 4006 1059 4051 vett.
1076 4001 1124 4055 Va

67 4080 154 4136 cave,
171 4067 235 4117 siris
253 4082 313 4116 cum
329 4063 370 4120 tit.
398 4064 465 4117 Mea
484 4083 542 4137 cop.
558 4014 633 4119 donc
649 4082 678 4117 u.
695 4081 790 4141 consp.
807 4066 832 4117 1.
850 4065 895 4131 a?
