2725 4659
21 131 23 182 l

21 335 23 388 l

21 473 23 514 l

21 533 23 584 l

21 585 23 622 ι

22 781 23 832 l

131 147 135 160 Ι

140 240 465 314 ὊΟΝΒΡΕΟΤΠΒ
483 236 782 310 METRORUM
802 238 1025 312 DRAMAT.
1060 261 1151 310 xvn

81 437 233 516 iambicis
260 436 494 516 trochaicisque
511 438 724 507 tetrametris,
755 435 842 517 apud
862 436 1054 496 Terentium
1077 454 1151 497 raro

82 522 269 591 invenitur,
295 540 357 579 nec
381 521 446 579 nisi
466 521 502 577 in
522 520 802 598 interpunctione,
838 532 875 578 ut
896 518 1009 577 monui
1029 516 1070 577 ad
1083 519 1151 577 An-

55 635 57 642 >
82 606 149 663 riae
178 621 217 671 a,
239 622 277 674 s,
308 611 357 670 8.,
386 602 423 658 in
441 598 595 660 <Senecae
632 618 705 659 vero
738 600 921 681 tragoediis,
953 617 1034 677 quae
1064 613 1151 659 aeta-

77 697 150 753 >tem
177 679 347 750 tulerunt,
381 698 425 739 ne
445 681 546 740 semel
574 681 705 758 quidem
736 679 997 760 deprehenditur.
1038 679 1151 742 Etiam

82 761 121 827 de
144 784 300 827 versuum
321 762 361 824 ab
378 760 517 832 Alcaeo,
536 762 742 832 Archilocho,
764 764 952 843 Asclepiade
974 762 1151 841 appellato-

80 867 175 918 rum,
208 846 432 921 aliorumque,
461 843 577 921 quibus
602 845 694 923 lyrici
720 848 864 923 epicique
891 846 1019 927 generis
1045 844 1152 906 utitur

80 934 257 1008 Annaeus,
278 928 400 986 ratione
421 939 556 985 nonest
577 929 661 1003 quod
677 926 771 986 verba
788 928 924 1000 faciam,
946 944 1025 1002 quae
1045 938 1150 987 metra

81 1014 145 1072 etsi
180 1008 404 1069 annumerari·
422 1025 502 1066 nonv
523 1017 660 1087 possunt
693 1008 907 1087 simplicibus,
936 1018 1018 1068 nota
1040 1020 1151 1068 tamen

24 1101 29 1150 7
82 1094 227 1155 suntin
255 1088 383 1169 rulgus3
413 1090 478 1148 nisi
505 1089 590 1167 quod
616 1107 635 1147 e
662 1090 889 1148 communibus
918 1106 1031 1148 eorum
1056 1106 1151 1168 regu·

82 1176 127 1235 lis
162 1171 288 1233 descivit
314 1189 545 1248 nonnunquam
575 1169 604 1230 T
606 1189 637 1231 ra
663 1172 731 1230 icus
761 1170 879 1230 harum
914 1188 1026 1229 rerum
1051 1168 1148 1231 liber-

83 1256 214 1327 rimus,
248 1252 326 1311 dum
348 1251 486 1312 Neronis
515 1249 566 1312 ¹sui
596 1191 757 1313 mogbilem
779 1253 1042 1329 fastidiosumque
1078 1251 1149 1311 ani·

82 1356 178 1400 mum
205 1336 299 1395 variis
327 1336 403 1395 artis
429 1335 598 1414 lenociniis
625 1335 771 1394 delenire
799 1332 922 1394 studet:
951 1333 1043 1394 velut
1070 1348 1147 1392 ana·

82 1420 299 1480 creonticum.
316 1435 441 1477 versum
463 1417 568 1477 forma
590 1418 793 1494 antispastica
815 1414 912 1476 habet
933 1414 1048 1496 Oedip.
1067 1424 1141 1492 484,

82 1499 320 1580 asclepiadeum
335 1511 368 1557 et
377 1498 583 1579 glyconeum,
599 1498 760 1577 inquibus
779 1514 836 1576 pro
850 1497 1038 1557 choriambo
1052 1516 1145 1557 usur·

82 1595 177 1664 patus
191 1595 239 1642 est
245 1575 411 1649 molossus,
427 1579 548 1641 ibidem
559 1598 628 1659 715,
642 1593 815 1657 contraque
828 1579 1020 1659 sapphicum
1038 1578 1143 1638 soluto

22 1663 23 1668 ’
84 1664 225 1746 spondeo
246 1662 325 1723 ibid.
347 1680 426 1739 4123
458 1664 563 1741 qualia
591 1663 647 1740 qui
668 1662 808 1721 miratur
828 1677 989 1743 negatque
1009 1659 1145 1721 ferenda

84 1764 172 1808 esser
193 1765 256 1815 nae
276 1747 325 1816 is,
348 1762 423 1803 cum
444 1744 594 1805 Terentio
615 1758 651 1806 ut
665 1743 789 1821 loquar,
804 1736 903 1831 facit
923 1740 1143 1820 uitelligendo

21 1817 23 1850 ³
85 1841 127 1891 ut
150 1825 235 1889 nihil
247 1824 427 1904 intelligat.
466 1828 556 1906 Quin
576 1827 710 1886 invertit
732 1843 855 1903 quoque
876 1825 998 1885 Seneca
1017 1842 1146 1884 versum

21 1947 22 1970 ;
84 1910 241 1971 alcaicum
273 1910 385 1992 Agam.
408 1911 485 1986 59'6,
507 1915 585 1985 845,
607 1919 688 1984 857,
716 1921 748 1965 et
768 1907 1004 1987 asclepiadeum
1027 1905 1142 1987 Oedip.

21 2033 22 2038 κ
83 1989 168 2071 406,
194 1989 294 2065 cujus
319 1987 424 2050 versus
453 1990 567 2050 mobili
593 1989 664 2048 loco
685 1988 845 2064 dactylum
875 1990 1142 2085 ustupathgam.

83 2085 158 2152 589,
178 2072 310 2133 adhibet
330 2069 481 2146 iambicos
501 2071 741 2149 trochaicosque
761 2071 878 2143 clodos,
893 2090 971 2149 quos
995 2091 1049 2130 vax
1063 2069 1145 2130 alibi

84 2158 122 2218 in
149 2155 211 2215 hoc
232 2173 350 2235 genere
370 2156 529 2232 reperias,
559 2154 773 2235 anapaesticus
801 2152 955 2213 trochaeo
976 2152 1067 2223 finis,
1088 2152 1143 2210 de·

80 2240 186 2315 nique
213 2237 305 2295 nulla
324 2253 359 2295 re
380 2235 534 2305 obstinat,
562 2254 625 2313 qua
644 2235 744 2295 levari
765 2254 854 2314 posse
872 2248 977 2315 sperat
997 2234 1144 2295 taedium

67 2318 328 2379 'uniformitatis
361 2316 484 2376 Verum
503 2316 581 2376 haec
608 2317 723 2377 ludum
743 2317 913 2394 jocumque
934 2317 1018 2376 dicas
1037 2317 1145 2375 omnia

85 2417 165 2478 prae
185 2398 328 2457 uersibus
348 2400 545 2474 asynartetis‚
557 2417 707 2475 quorum
728 2400 766 2458 ad
782 2396 1008 2480 exprimendos
1022 2397 1140 2457 identi·

86 2481 165 2540 dem
188 2491 350 2537 mutantes
378 2480 477 2538 animi
505 2480 637 2540 affectus
663 2483 902 2560 aptissimorum
921 2481 1143 2560 frequentissi-

85 2581 162 2624 mus
184 2558 267 2640 apud
285 2560 435 2623 Plautum
456 2579 529 2623 usus
550 2575 616 2635 est,
642 2563 717 2622 satis
738 2561 849 2623 creber
868 2563 955 2642 apud
975 2562 1140 2632 Senecam,
1233 2581 1238 2593 ’

83 2645 154 2705 fere
178 2642 293 2703 nullus
320 2643 406 2722 apud
432 2642 641 2717 Terentium,
668 2640 853 2706 modestum
878 2664 962 2725 pene
982 2663 1082 2722 usque
1102 2643 1142 2704 ad

83 2723 216 2785 vitiu'rn.
265 2726 388 2786 Eorum
416 2746 566 2787 versuum
586 2728 702 2787 formas
723 2726 921 2805 multiplices
942 2727 999 2804 qui
1018 2725 1143 2786 assidua

86 2807 226 2867 lectione
246 2808 374 2885 penitus
395 2810 611 2888 perspexerit,
631 2810 727 2869 illum
748 2807 879 2869 demum
894 2826 954 2889 ego
969 2808 1075 2869 dicam
1089 2810 1140 2868 in·

85 2887 251 2969 telllgere,
272 2888 353 2966 quid
373 2891 412 2948 sit
432 2910 482 2950 ros
501 2892 637 2950 metrica
664 2891 782 2959 horum
809 2893 1010 2968 scriptorum.
1053 2891 1140 2968 Quas

71 2972 225 3042 immas,
256 2971 400 3031 maxima
427 2990 468 3031 err
498 2986 587 3052 parte
613 2993 632 3033 a
659 2992 713 3032 me
736 2973 841 3053 primo
868 2990 935 3032 non
955 2975 1025 3031 sine
1043 2974 1142 3055 longo

72 3053 256 3128 multoque
283 3052 391 3111 labore
418 3069 455 3113 ac
480 3052 587 3114 taedio
613 3056 857 3137 pervestigatas,
875 3052 932 3114 ubi
947 3054 1141 3126 indicavero,

86 3134 191 3195 finem
211 3131 376 3211 praefandi
394 3131 519 3207 faciam,
537 3135 748 3215 hominesque
762 3136 961 3198 venustiores
980 3135 1141 3218 adipsum

71 3214 273 3278 -tabubrum
291 3213 468 3277 latinarum
488 3218 670 3279 lectionem
684 3233 758 3280 tuto
779 3218 952 3280 dimittam.

83 3389 203 3477 Inder'
231 3417 432 3502 metrorum
470 3415 776 3497 asynartetorum,
811 3393 958 3498 ‘quibus'
986 3417 1142 3477 utuntur

148 3506 153 3517 '
338 3507 465 3597 po'e't'ae
496 3507 630 3576 scenici
663 3505 892 3606 Latinorum.

318 3755 322 3764 ,
401 3679 431 3748 I·
469 3673 594 3749 'Plana‘
614 3693 647 3749 ec
661 3667 826 3768 :Terentii

68 3790 119 3851 A.
160 3783 278 3846 Fartus
301 3788 511 3867 asynartoti,¹
531 3807 572 3847 ox
602 3781 767 3852 trochaico
801 3790 937 3859 dimetro
965 3777 1140 3869 similique,

141 3909 148 3914 -
164 3871 312 3944 sednon*
325 3872 422 3929 unius
440 3867 585 3941 moduli,
596 3870 744 3944 jainbicu
758 3871 959 3951 compositis

250 3971 277 4015 r.
318 3949 419 4013 troch.
438 3949 519 4013 dim.
547 3964 580 4013 et
600 3951 697 4027 jamb.
724 3948 803 4018 dim.
824 3949 1038 4016 catalecticus.
1068 3945 1142 4014 Me·

21 4043 22 4048 ’
146 4053 187 4092 ,;;,
278 4037 421 4094 ‚rcimml
437 4052 459 4093 tt
482 4032 982 4126 Rciaiuimpettumpin.Milite
1003 4037 1141 4119 glorioso

897 4153 922 4223 b
