2725 4659
341 261 344 268 ’
395 304 766 406 ..autumnis
1045 340 1136 409 <119

64 480 238 563 Condigne.
256 481 355 544 otiam
376 501 470 552 meus
490 485 672 548 mediatos
693 487 1027 570 gallus‘gallinaceus,
1063 555 1066 560 ,

66 565 138 643 Qui
158 565 327 626 erat‘anui
348 565 531 643 peculiaris,
554 569 691 646 perdidit
712 574 911 651 penissume:
1073 593 1135 656 42⁰

64 647 135 712 Ubi
157 662 225 708 erat
246 646 325 707 haec
348 647 481 724 defossa,
504 653 838 732 occepit-scalpturae
859 654 907 714 ibi
928 658 1081 739 ungulis·

63 727 295 791 circumcirca.
319 729 404 807 Quid
421 734 658 811 opastrerhis?
679 737 726 795 ita
745 737 830 798 mihi
844 753 952 817 pectus
969 745 1131 818 peraruit:

61 814 167 893 Capio
189 813 322 883 fustem,
342 811 500 884 obtrunco
521 816 658 897 gallum,
681 820 791 894 ,furem
811 823 1091 894 manuleatarium,

59 896 173 960 Credo
192 893 305 972 edepol
325 915 386 974 ogo
407 895 466 957 illi
478 900 664 971 mercedem
686 901 775 982 gallo
797 903 1076 983 pollicitosoo'coss
1101 917 1105 921 ’

58 975 97 1039 Si
118 977 281 1056 id-palam
301 976 446 1046 fecisset:
469 982 578 1040 exemi
594 1002 641 1041 ex
657 1003 764 1054 manu
780 986 1011 1049 manubrium
1067 1001 1129 1070 465

57 1060 155 1140 Quid
176 1073 269 1138 opust
288 1059 413 1119 uerbis?
435 1062 520 1134 facta
541 1076 587 1125 est
609 1081 719 1146 pugna
737 1068 775 1126 in
797 1067 882 1147 gallo
904 1070 1106 1146 gallinaceo.'

56 1143 129 1206 Sed
151 1140 355 1225 Megadorus,
377 1145 469 1210 meus
489 1145 614 1220 adfinis,
632 1166 758 1209 eccum
772 1151 898 1211 incedit
917 1170 935 1210 a
956 1153 1046 1212 foro!
1102 1175 1106 1214 2

53 1227 76 1288 J
79 1246 137 1288 am
145 1224 232 1287 hunc
240 1243 307 1288 non
320 1223 430 1290 ausim.
435 1228 622 1309 praeterire,
641 1233 697 1311 qui
706 1235 880 1295 consistam
896 1245 928 1293 at
946 1234 1127 1315 conloquar.

670 1431 675 1440 ¹
698 1438 701 1445 ι

240 1575 643 1666 Macroon=usss‚
692 1595 941 1668 suerro.

52 1755 129 1819 Mn.
151 1756 290 1819 Narravi
311 1761 420 1821 amicis
441 1760 556 1821 multis
573 1761 751 1825 'consilium
771 1783 887 1827 meum
907 1765 929 1830 i.
944 1787 969 1830 s.
983 1765 1045 1841 ΙΙΙ,
1060 1778 1103 1840 8]

51 1843 109 1920 De
131 1841 314 1903 conditione
345 1841 406 1901 h'ac
434 1841 598 1912 Euclionis
620 1843 720 1908 filiae.
1060 1843 1121 1929 430

49 1924 226 2002 Laudant3
249 1928 410 2008 sapienter
428 1925 606 1986 factumst
626 1928 764 1988 consilio
784 1928 880 1992 bono.
915 1949 919 1958 ’
1098 1985 1100 1990 .

50 2008 156 2078 Nam,
177 2026 250 2067 meo
272 2003 404 2088 quidem
424 2010 544 2079 animo,
569 2012 594 2070 si
608 2011 703 2071 idem
723 2009 843 2073 faciant
863 2011 963 2076 ceteri

51 2090 296 2171 opulentiores,
318 2091 543 2169 pauperiorum
564 2091 648 2153 filias
735 2153 750 2160 ,,
928 2103 930 2109 ’

50 2178 100 2237 Ut
121 2171 282 2233 indotatas
303 2173 423 2248 ducant
443 2193 557 2244 uxores
579 2175 730 2235 domum:

48 2260 95 2320 Et
119 2255 224 2315 multo
245 2254 303 2316 fiat
324 2255 431 2315 civitas
453 2257 650 2330 concordior,
781 2317 782 2322 ,
1061 2280 1122 2342 435

48 2345 94 2404 Et
120 2339 242 2398 invidia
263 2358 321 2397 nos
342 2339 468 2398 minore
488 2352 633 2412 utamur,
658 2357 755 2418 quam
776 2341 920 2412 utimur;
1097 2343 1101 2358 ’

47 2424 94 2484 Et
118 2421 195 2481 illae
216 2422 338 2481 malam
359 2437 429 2480 ram
450 2432 612 2493 metuant,
634 2441 735 2507 quam
754 2436 916 2497 metuont,
937 2429 1062 2508 magis;

46 2507 92 2568 Et
116 2523 175 2562 nos
197 2507 321 2564 minore
342 2516 452 2564 sumtu
472 2503 590 2574 simus*
604 2523 699 2586 quam
724 2511 844 2567 sumus.

44 2592 90 2651 ln
114 2601 304 2647 maxumam
325 2583 404 2645 illuc
425 2586 538 2666 populi
558 2587 686 2666 partem
706 2600 754 2648 est
777 2601 949 2667 optumum
956 2610 964 2662 3

47 2673 90 2732 In
114 2671 281 2750 pauciores
290 2667 407 2728 ”avidos
429 2667 595 2730 altercatio
617 2683 675 2739 est,
1057 2694 1121 2758 440

50 2745 207 2833 Quorum
228 2753 345 2813 animis
364 2751 466 2812 avidis
487 2764 580 2832 atque
600 2754 837 2814 insatietatibus
959 2751 978 2771 ⁵

47 2839 171 2913 Neque
192 2835 248 2895 lex
268 2854 373 2914 neque
394 2847 485 2894 tutor
506 2833 618 2917 capere
641 2850 690 2897 est
707 2837 763 2916 qui
783 2837 880 2915 possit
897 2835 1042 2901 modum.

46 2922 209 2995 Namque
228 2919 289 2978 hoc
311 2920 365 2996 qui
387 2911 490 2980 di'cat:
507 2918 594 2996 ¹Quo
612 2919 690 2979 illae
711 2917 837 2996 nubent
858 2919 969 2984 divitas

47 3004 212 3074 Dotatae,
235 3004 260 3061 si
279 2999 366 3060 istud
388 2999 436 3075 jus
457 3001 649 3082 pauperibus
671 3002 825 3079 ponitur?

49 3087 129 3166 Quo
152 3083 281 3155 lubeat,
302 3083 438 3155 nubant,
461 3083 540 3143 dum
560 3104 602 3144 ne
624 3085 678 3144 dos
700 3083 758 3143 fiat
780 3103 895 3145 comes.
1058 3107 1120 3171 445

44 3169 123 3230 Hoc
146 3167 173 3226 si
193 3168 239 3227 ita
259 3165 333 3225 fiat:
364 3181 469 3225 mores
490 3165 640 3226 meliores
662 3166 723 3227 sibi
1095 3187 1098 3192 ’

46 3254 186 3320 Parent,
207 3259 263 3328 pro
276 3249 359 3310 dota
381 3263 459 3326 quos
477 3248 596 3317 ferant,
614 3267 716 3329 ¹quam
736 3269 825 3310 nunc
846 3252 964 3317 femnt.
991 3293 993 3300 ,
1031 3295 1034 3302 »

46 3335 120 3419 Ego
142 3333 248 3391 faxim
268 3331 363 3402 muli,
383 3334 487 3411 pretio
509 3334 563 3409 qui
585 3346 737 3410 superant
750 3351 867 3415 equos,

47 3418 123 3479 Sint
144 3413 270 3475 viliores
292 3412 425 3474 Gallicis
454 3414 634 3475 cantheriis.
659 3419 673 3440 ³
928 3429 930 3434 ⁴
989 3423 993 3444 ³

48 3501 112 3561 Eu,
137 3498 186 3572 Ita
201 3513 255 3557 me
271 3497 306 3556 di
320 3496 488 3566 amabunt,
502 3510 548 3574 yut
562 3517 621 3578 ego
635 3496 724 3557 huna
738 3501 883 3563 ausculto
903 3501 1037 3562 lubens:
1058 3515 1120 3579 450

46 3582 159 3646 Nimis
178 3579 284 3658 lepide
306 3580 385 3639 lecit
407 3580 502 3642 verba
523 3579 563 3640 ad
583 3584 826 3658 parcimoniam.
1117 3635 1121 3644 .

47 3662 120 3726 Ma.
146 3663 246 3722 Nulla
267 3663 368 3742 igitur
390 3662 490 3722 dicat:
514 3661 673 3742 Equidem
696 3662 803 3724 dotem
826 3665 865 3724 ad
887 3679 921 3725 ta
943 3665 1040 3725 attuli

49 3744 217 3826 Majorem
237 3747 345 3807 multo
366 3763 465 3828 quam
485 3744 546 3804 tibi
568 3757 635 3804 erat
654 3749 808 3826 pecunia:

119 3953 178 4005 424.
195 3940 241 3990 Ita
256 3939 365 4009 scripti.
382 3941 430 3996 V.:
449 3958 499 4006 ego
518 3939 623 4005 edepol.
657 3923 717 4004 425.
733 3938 780 4014 ¹Sic
798 3938 874 3992 liber
888 3941 1032 3992 Camerar.
1046 3940 1118 3997 Pall.

50 4004 245 4123 utrm
263 4025 279 4057 ³
431 4022 507 4124 r
521 4006 1118 4136 tautatrahatisurtu

49 4088 147 4193 {333
171 4139 206 4206 Q
223 4110 250 4190 a:
269 4088 541 4210 33(ιίἰεῖιὶνὶᾶίεῇ
559 4109 743 4190 inlatiotibus.
794 4156 853 4207 449,
870 4145 917 4193 V,:
939 4114 1026 4193 Sient:
1060 4094 1118 4140 44¹
