2725 4659
263 271 507 347 erusteus
558 268 789 340 conrcun
837 266 941 339 Mss.
1084 287 1134 337 xv

31 463 43 557 ‚³
85 476 102 528 ξ
117 517 120 522 1
134 487 139 496 '
153 473 258 537 iacobi
285 471 462 541 Gronovii,
494 486 559 528 una
587 484 664 526 cum
690 467 790 545 ipsius
810 463 936 527 ,Jacobi
968 465 1133 544 patrisque

157 557 355 618 celeberrimi
396 549 725 628 animadversionibus
758 547 848 607 haud
880 548 986 608 malae
1024 561 1132 619 notae,

156 638 289 700 utendas
318 632 409 694 dedit
429 633 520 693 nobis
545 634 596 691 vir
616 631 852 702 nobilissimus,
873 629 1033 699 Dietzins,
1054 630 1144 691 olim·

156 721 325 784 Friderico
349 713 510 785 Secundo,
524 741 529 745 ⁴
542 714 751 774 Borussorum
770 713 863 793 regi,
884 732 904 772 a
924 713 1064 775 consiliis
1083 714 1135 773 in·

157 805 268 870 timis,
292 798 421 874 ejusque
443 795 529 877 apud
547 795 666 855 Turcas
687 797 822 876 legatus.

31 870 34 905 ³
104 908 130 955 o.
157 881 311 958 Eiusdem
325 881 384 940 viri
395 876 938 960 insignisliberalitatiUltrajectini
951 896 1078 958 quoque
1086 898 1139 939 co·

161 967 242 1028 dicis
255 963 416 1038 cujusdam
437 962 537 1021 debeo
556 962 718 1032 notitiam,
734 961 824 1033 cujus
842 959 957 1019 codicis
975 964 1076 1022 varias
1091 961 1139 1022 le·

165 1051 287 1110 ctiones
299 1047 433 1123 minime
441 1042 693 1104 contemnendas
707 1044 744 1101 in
756 1039 1051 1117 Herculegfurente,
1060 1044 1140 1124 Hip-

164 1132 270 1211 polyto
291 1143 322 1188 et
345 1126 472 1187 Octavia
494 1137 680 1186 enotaverat
704 1126 783 1185 olim
801 1124 958 1185 Nicolaus
971 1122 1139 1186 Bondtius.
1162 1147 1167 1164 ·

46 1197 47 1216 Χ
108 1235 137 1296 5,
163 1214 306 1289 Denique
329 1212 363 1269 in
371 1208 567 1270 bibliotheca
586 1208 784 1268 serenissimi
804 1206 907 1266 Ducis
927 1203 1072 1266 Gotbani
1087 1208 1141 1268 LL

47 1357 48 1372 ,
82 1346 85 1350 »
114 1359 118 1364 ,
160 1307 349 1358 numeratur
378 1293 511 1353 minoris
530 1292 652 1351 formae
676 1288 778 1349 codex
799 1289 1072 1359 membranaceus,
1093 1292 1142 1351 ni·

99 1391 101 1400 ’
161 1379 318 1440 tidissime
340 1376 476 1454 scriptus
497 1373 538 1433 ad
559 1371 726 1451 exemplar
741 1373 819 1433 libri
836 1369 1004 1446 cujusdam
1024 1374 1143 1451 optimi

44 1475 48 1560 't
77 1461 106 1504 '1
164 1460 452 1540 antiquissimique‚
473 1471 511 1516 ut
532 1454 625 1516 docet
647 1455 829 1535 Cyprianus
850 1456 887 1514 in
904 1453 1057 1537 Catalogo
1076 1477 1142 1517 mu·

43 1571 44 1574 ¹
164 1545 405 1621 nuscriptorum
419 1538 633 1599 bibliothecae
655 1536 844 1612 Gothenae3
866 1539 922 1614 qui
936 1536 1048 1607 codex,
1061 1537 1143 1602 Her·

165 1626 273 1686 culem
302 1626 467 1685 furentem
498 1624 683 1687 continens,
720 1620 853 1681 hortatu
879 1621 915 1682 F.
940 1619 1001 1684 Th.
1033 1622 1143 1684 welk·

166 1708 253 1782 keri,
274 1709 406 1789 linguae
421 1705 589 1782 utriusque
608 1706 644 1763 in
657 1702 814 1764 Rhenana
833 1703 1047 1768 Borussorunr
1061 1711 1143 1766 Aca·

168 1790 275 1855 demia
301 1789 485 1871 professoris
513 1786 705 1855 clarissimi,
738 1788 773 1845 in
801 1803 896 1845 usum
922 1799 1050 1847 nostrae
1079 1789 1144 1850 edi·

169 1875 266 1936 tionis
301 1871 461 1954 perlectus
500 1884 547 1930 est
582 1868 623 1928 ab
658 1870 696 1930 E.
728 1868 764 1929 F.
794 1868 1043 1939 Wiistemanno,
1077 1872 1143 1933 Go-

38 2021 39 2034 ,
167 1958 291 2029 thano,
313 1953 353 2013 de
383 1974 447 2033 quo
477 1952 678 2013 adolescente
706 1949 787 2010 bene
815 1969 939 2036 sperare
965 1953 1146 2016 litteratam

38 2067 39 2110 ,
112 2101 114 2105 Α
168 2038 264 2117 jubeo
284 2036 533 2117 rempublicam.
1000 2049 1007 2064 ’

521 2212 730 2232 Μ

432 2372 807 2446 CONSPECTUS

33 2539 36 2606 ς
93 2499 301 2581 metrorum
331 2511 452 2582 minus
489 2510 739 2607 cognitorum,
772 2507 903 2600 quibus
937 2507 980 2579 hi
1004 2509 1152 2606 scripto·

474 2661 476 2664 -
503 2636 561 2682 res
585 2628 751 2681 utuntur.

154 2779 232 2839 Non
259 2778 377 2839 inutile
396 2777 487 2845 mihi
512 2776 639 2836 videtur
659 2775 801 2836 breviter
825 2774 932 2835 dicere
959 2773 999 2836 de
1027 2777 1150 2849 metris,

94 2859 211 2938 quibus
240 2860 337 2942 vulgo
365 2862 475 2922 minus
505 2860 642 2940 cognitis
671 2870 810 2919 utuntur
830 2860 943 2936 poe'tae
963 2857 1155 2921 Latinorum

32 2985 33 2990 η
91 2942 276 3004 dramatici.
317 2946 426 3007 Nemo
456 2955 503 3002 est
534 2944 623 3002 enim
644 2941 754 3014 hodie,
774 2941 832 3020 qui
850 2941 985 3016 nesciat,
1005 2944 1040 3002 in
1062 2963 1100 3003 ea
1119 2964 1153 3005 re

92 3027 147 3087 vel
171 3026 313 3085 maxime
334 3027 469 3104 spectari
490 3024 660 3104 ingenium
681 3023 799 3084 horum
819 3026 1029 3101 scriptorum,
1051 3044 1155 3105 neque
1242 3040 1244 3048 ’

91 3108 250 3189 proficere
277 3108 399 3168 inillis
419 3110 569 3170 criticum
598 3107 740 3185 quamvis
761 3106 881 3184 alioqui
902 3106 1031 3168 doctum
1053 3127 1089 3167 ac
1110 3129 1155 3170 sa-

92 3211 210 3274 gacem
232 3191 300 3253 sine
322 3191 488 3251 subtiliore
510 3203 688 3250 metrorum
706 3189 832 3249 notitia.
875 3189 976 3268 quue
1001 3192 1157 3253 effectum

55 3321 59 3328 .
91 3274 246 3353 inprimis
268 3286 315 3333 est
336 3292 431 3353 opera
452 3271 606 3335 Richardi
625 3270 783 3345 Bentleii,
814 3273 850 3334 in
876 3275 1072 3342 recensendo
1093 3274 1155 3332 Te·

32 3427 33 3430 Ἴ
90 3358 203 3418 tentio
218 3356 384 3425 collocata,
399 3355 488 3430 cujus
502 3356 562 3415 viri
576 3354 803 3414 litteratissimi
816 3356 1054 3437 acutissimiqne
1068 3355 1155 3415 sche-

31 3463 33 3516 j
89 3438 218 3499 diasma
232 3441 271 3504 de
287 3439 399 3498 metris
413 3437 617 3500 Terentianis
634 3451 804 3515 postquam
817 3436 926 3498 recudi
942 3439 1034 3514 jussit
1046 3436 1156 3499 Fride·

89 3524 183 3582 ricus
197 3520 385 3604 Volgangus
396 3520 545 3591 Reizius,
562 3522 597 3578 in
611 3538 687 3579 eum
702 3540 751 3580 res
772 3519 880 3582 locum
895 3519 1029 3581 deducta
1049 3533 1107 3589 est,
1122 3536 1159 3581 ut

31 3635 32 3642 κ
93 3607 154 3682 qui
170 3604 251 3664 olim
267 3602 705 3684 velGuyetos,Burmannos,
715 3602 899 3670 Gronovius,
909 3601 1159 3665 malehaberent

31 3707 33 3728 r
90 3686 262 3763 scrupuli,
291 3686 378 3746 iine
406 3706 423 3745 a
451 3688 610 3748 tironibus
643 3685 776 3761 quidem
799 3687 941 3765 'amplius
970 3686 1160 3747 sentiantur.

90 3768 222 3827 Verum
249 3782 286 3826 ut
314 3766 387 3828 fieri
407 3768 510 3840 solet,
531 3768 589 3827 ubi
609 3770 736 3828 exstitit
761 3768 984 3849 vinmagnus,
1007 3773 1061 3846 qui
1082 3788 1160 3848 opus
1227 3803 1230 3808 ·

89 3849 233 3927 aliquod
253 3850 374 3913 viribus
389 3849 531 3931 ,dignum
562 3851 626 3910 suis
647 3849 843 3933 aggreditur,
864 3853 1080 3931 superatisque
1101 3853 1161 3912 im·

87 3932 291 4012 pedimentis
312 3933 459 4011 plurimis
479 3936 563 3993 viam
582 3937 690 4009 munit
711 3936 751 3995 ad
771 3933 1002 4011 perficiendam
1021 3955 1093 3997 rem
1106 3955 1161 4004 an·
1254 3945 1257 3952 '

87 4029 149 4082 tea
172 4027 302 4075 tantum
322 4035 389 4076 non
410 4017 610 4095 desperatam
630 4013 778 4096 (posteri,
801 4015 957 4095 praeclari
969 4017 1046 4078 iacti
1060 4017 1162 4100 gloria
1224 4062 1227 4067 -

87 4096 188 4158 velut
210 4101 368 4161 occoecati
387 4117 454 4163 non
473 4111 633 4182 pergunt,
655 4118 720 4179 qua
739 4097 797 4156 ille
818 4099 966 4180 praeivit,
986 4119 1093 4180 neque
1107 4097 1161 4159 ab,
