2725 4659
120 166 125 173 ·
225 254 303 326 512
562 225 617 296 Μ.
667 225 712 297 A.
763 221 945 340 PLnuTI

228 413 288 474 Lr.
310 406 431 482 „Miles
451 403 573 485 Lyconi
593 404 629 464 ln
650 401 811 483 Epidauro
831 403 953 483 hospiti

230 491 293 553 Suo
315 489 619 568 Therapontigonus
639 485 863 566 Platagidorus
885 486 1059 566 plurimam

230 574 374 634 Salutem
395 571 485 633 dicit.
527 570 587 632 Cn.
609 562 706 627 Mens
727 567 782 629 hic
804 583 867 628 est:
889 570 1024 629 hamum
1043 569 1153 629 vorat!

137 701 141 707 .
229 656 295 719 Lr.·
312 655 463 729 „Tecum
483 674 537 713 oro
559 665 593 712 et
614 668 742 729 quaeso,
764 652 896 727 quibas
917 652 1048 714 tabellas
1070 650 1196 711 adferet
1227 665 1281 728 435

231 738 318 811 Tibi,
339 751 378 798 ut
399 737 431 796 ei
451 734 555 806 detur,
576 752 675 813 quam
696 733 769 793 istic
790 735 856 793 omi
875 733 1040 813 virginem

232 817 345 901 (Quod
364 832 398 879 te
418 830 586 899 praesente
608 816 660 878 isti
686 817 740 897 egi
760 826 856 897 teque
876 813 1069 895 interprete)

231 905 275 969 Et
296 921 412 961 aurum
434 912 466 960 et
486 912 621 960 vestem.
664 895 744 970 Scis,
764 900 814 958 uti
834 899 1031 960 convenerit.
1061 918 1069 941 ·

230 987 416 1081 Argentum
437 982 492 1042 des
511 982 653 1052 lenonid,
674 979 753 1040 huie
774 980 830 1040 des
852 980 1047 1062 virginem.“

231 1066 299 1128 Ub1
322 1065 432 1146 ipsus?
454 1084 513 1124 cur
533 1084 599 1124 non
621 1063 735 1125 venit?
765 1061 826 1125 Cu.
848 1063 918 1143 Ego
939 1063 1045 1126 dicam
1065 1061 1139 1124 tibi.
1230 1079 1280 1140 44⁰

235 1149 322 1227 Quin
342 1147 461 1209 nudius
483 1159 616 1225 quartus
637 1146 787 1207 venimus
807 1144 888 1206 indu
910 1144 1040 1206 Cariam

233 1230 285 1293 Ex
306 1230 417 1293 Indiax
439 1229 486 1292 ibi
507 1247 595 1290 nnnc
618 1241 758 1291 statuam
780 1227 848 1288 volt
870 1226 945 1287 dare
966 1246 1100 1289 auream

234 1312 381 1373 Solidam
402 1311 590 1372 faciundam
611 1330 653 1370 ex
674 1328 753 1370 auro
775 1310 956 1391 Philippeo,
978 1325 1060 1391 quae
1081 1310 1144 1370 siet

235 1394 502 1476 Septempedalis,
522 1392 614 1454 factis
635 1406 865 1453 monumetum
886 1393 961 1453 iuis.

234 1478 302 1551 Lr,
320 1476 542 1556 Quamobrem
562 1477 668 1537 istuc?
711 1478 771 1538 Cu,
794 1474 923 1535 Dicam.
960 1474 1048 1552 Quia
1067 1473 1160 1534 enim
1179 1476 1286 1542 Persas,

755 1556 989 1640 Paphlagonas,
1235 1570 1286 1633 445

238 1640 412 1721 Synopeas,
434 1639 564 1710 Arabas,
587 1641 694 1710 Caras,
713 1637 878 1709 Oretanos,
898 1639 1003 1720 Syros,
1286 1660 1289 1667 ⁴

237 1722 399 1783 Rhodiam
419 1734 516 1801 atque
539 1720 683 1802 Lyciam,
705 1721 875 1782 Perediam
895 1736 928 1783 et
948 1721 1182 1793 Perbibesiam,

238 1802 563 1866 Centauromachiam
584 1819 617 1867 et
639 1803 794 1865 Classiam
815 1803 1094 1876 Unomammiam,

237 1886 442 1970 Libyamque
464 1901 506 1947 et
519 1905 620 1957 ,oram
640 1904 771 1946 omnem
793 1885 1103 1961 Conterebromiam,
1146 1932 1149 1938 .

238 1970 417 2032 Dimidiam
435 1983 561 2047 partem
580 1971 753 2034 nationum
774 1987 874 2048 usque
896 1970 1055 2040 omnium,
1240 1982 1289 2045 45⁰

239 2050 377 2132 Subegit
399 2049 484 2111 solus
503 2054 588 2115 intra
610 2051 729 2131 viginti
750 2049 826 2111 dies.

242 2135 302 2197 Lr.
322 2130 409 2195 Vah!
432 2130 492 2193 Cn.
517 2132 607 2215 Quid
626 2130 773 2272 mirare}
801 2134 860 2195 Lr.
885 2133 971 2214 Quia
993 2133 1084 2194 enim
1104 2131 1142 2194 in
1161 2130 1291 2192 cavensi

320 2234 352 2245 ·'
438 2252 464 2259 --
771 2226 864 2276 orent

186 2360 188 2364 .
242 2297 405 2375 Conclusi,
427 2296 544 2359 itidem
563 2309 601 2359 ut
623 2295 709 2376 pulli
730 2296 914 2377 gallinacei,

239 2378 290 2455 Ita
310 2399 379 2441 non
400 2392 535 2458 potuere
556 2397 622 2438 uno
643 2396 729 2439 anno
748 2376 959 2441 circumirier.

240 2458 345 2523 Credo
365 2461 488 2537 hercle,
508 2475 542 2521 te
563 2480 630 2521 esse
650 2460 793 2525 abillot
815 2480 893 2525 nam
913 2460 960 2523 ita
979 2480 1084 2542 nugas
1104 2460 1213 2524 blatis.
1244 2472 1292 2538 455

243 2547 305 2607 Cn.
328 2543 398 2604 Imo
420 2544 518 2605 etiam
538 2564 643 2625 porro,
665 2544 694 2602 si
715 2544 773 2615 vis,
793 2544 911 2607 dicam.
942 2545 1002 2606 Lr.
1025 2545 1083 2604 Nil
1105 2563 1226 2606 moror.

242 2625 381 2706 Sequere
402 2624 484 2689 hac:
505 2637 537 2683 te
558 2625 735 2698 absolvam,
758 2644 821 2704 qua
836 2626 993 2687 advenisti
1013 2627 1127 2708 gratia.

242 2708 349 2789 Atque
371 2726 486 2768 eccum
506 2707 607 2770 video.
636 2710 737 2778 Leno,
759 2708 855 2769 salve.
877 2708 936 2770 Lu.
958 2707 1002 2767 Di
1023 2721 1055 2768 te
1078 2720 1203 2770 ament.

241 2789 300 2849 Lu.
325 2789 413 2868 Quid
432 2788 503 2860 hoc,
526 2790 612 2868 quod
632 2789 673 2849 ad
693 2803 727 2850 te
746 2791 863 2852 venio?
904 2790 964 2854 Lu.
985 2791 1094 2861 Dicas,
1116 2791 1196 2868 quid
1216 2787 1294 2850 velis.

242 2873 302 2934 Lu.
325 2874 508 2951 Argentum
527 2873 675 2951 accipias,
696 2890 773 2933 cum
793 2874 852 2933 illo
873 2873 984 2933 mittas
1005 2873 1178 2952 virginem.
1245 2873 1294 2947 460

242 2950 303 3016 Lu.
327 2953 426 3033 Quid,
449 2954 533 3033 quod
553 2953 676 3028 juratus
698 2955 794 3015 sum?
815 2956 875 3016 Lr.
908 2955 995 3032 Quid
1014 2954 1050 3014 id
1070 2954 1173 3013 refert
1194 2968 1258 3014 tua.

241 3034 333 3095 Dum
354 3049 529 3117 argentum
549 3037 709 3117 accipias?
736 3037 796 3099 La.
819 3037 884 3114 Qui
905 3049 1029 3107 monet,
1052 3037 1146 3114 quasi
1166 3036 1293 3110 adjuvat

242 3115 435 3198 Sequimini.
465 3118 526 3180 Cn.
549 3116 650 3192 Leno,
671 3118 856 3180 caremihi
877 3120 918 3181 sit
938 3119 976 3180 in
996 3132 1028 3179 te
1048 3119 1159 3179 mora!

307 3291 368 3344 46²·
401 3277 528 3330 Nomina
551 3275 619 3342 lyr.
643 3283 674 3326 et
697 3276 778 3343 Epiri.
802 3291 861 3328 non
883 3276 1059 3345 liquescunt.
1093 3286 1154 3343 457.
1174 3278 1207 3328 V.
1233 3278 1293 3339 iuis,

242 3350 380 3411 corrupto
397 3359 490 3395 versu.
515 3336 614 3392 Guelf.
633 3353 714 3407 arque
736 3359 790 3410 pro
813 3357 900 3409 teque,
934 3351 994 3407 438.
1019 3344 1063 3393 Ita
1085 3342 1191 3410 scripti
1208 3344 1294 3406 noem,

172 3450 174 3456 ,
242 3411 299 3461 nisi
315 3406 394 3481 quod
411 3409 520 3470 habent
536 3420 566 3456 ut
582 3404 744 3473 vulgatum.
760 3409 838 3460 Alibi
854 3408 979 3475 legitur:
994 3413 1053 3476 jam
1071 3410 1138 3471 seis,
1159 3421 1189 3458 ut
1203 3429 1226 3462 e.
1247 3425 1293 3476 441.

241 3478 291 3532 V.:
309 3478 339 3526 in
357 3477 418 3528 Car.
440 3473 539 3541 Poscit
561 3475 658 3523 uersus
680 3474 985 3544 antiquamiormam.
1019 3492 1079 3541 449.
1103 3492 1182 3525 oram
1204 3492 1295 3528 amm

243 3534 330 3605 Coun,
349 3557 448 3608 omnes
466 3548 569 3604 terrae,
587 3537 619 3591 in
635 3538 741 3609 quibus
756 3541 901 3606 Bromius,
918 3540 948 3593 h.
966 3558 991 3592 e.
1008 3543 1117 3605 vinnm,
1136 3545 1294 3602 conteritur,

241 3615 335 3661 terras
351 3608 411 3660 vini
428 3607 547 3658 feraces.
580 3617 640 3671 453.
660 3607 790 3657 conclusi
811 3624 869 3660 non
892 3616 936 3660 est
957 3607 1134 3660 elidendum.
1168 3624 1228 3676 455.
1243 3624 1294 3663 nan

241 3695 301 3731 non
317 3685 360 3730 est
377 3694 410 3731 er
427 3693 482 3728 usu
498 3675 595 3735 Plauti
611 3677 642 3729 iu
658 3677 715 3730 hoo
732 3693 848 3748 genere,
866 3688 896 3732 et
911 3679 1008 3732 abesse
1023 3689 1120 3751 potest
1134 3680 1174 3751 τῷ
1192 3686 1293 3739 iiim

243 3748 324 3818 eliso,
343 3749 391 3803 vel
407 3750 516 3826 scripto
534 3749 611 3802 illoc.

644 3899 936 3921 ...Μ-Φ
