2725 4659
478 273 758 349 elocuturs.
786 279 801 343 ι

103 452 321 533 Quinhabetr
335 451 439 525 illud,
461 452 592 532 quodie
605 453 836 518 illucreneris.
877 509 881 513 ,
977 509 981 512 .
1010 477 1013 482 <

100 536 157 600 Na.
179 536 374 609 Censebam
394 555 447 596 me
461 535 618 615 eulogiose
638 557 657 596 a
670 536 734 597 vite
743 540 932 612 marituma,
1023 563 1042 572 ¹*
1107 563 1110 570 ²
1140 563 1144 572 ¹

99 619 151 682 Ne
169 622 354 700 navigarem
368 617 502 678 taudem
514 616 574 678 hoc
589 620 703 679 aetatis
716 637 829 690 seuere
847 651 849 656 ,
890 622 919 700 'g
967 651 969 658 ·

99 701 137 760 Id
150 703 197 760 rui
210 700 317 771 haud,
337 712 449 764 utrum
462 698 574 770 velim,
595 698 887 785 licere-intelleges
909 737 912 744 .
950 739 952 746 ν
1066 739 1069 752 ·
1090 733 1110 748 ν

99 782 152 844 Ita
167 782 272 842 bellus
285 780 398 861 hospes
414 780 492 840 fecit
505 780 756 844 Archidemides.
1089 799 1154 861 510

100 863 170 925 Ubi
182 883 271 925 nuno
285 876 332 924 eet
347 879 424 945 ergo
440 881 532 923 mens
546 860 766 925 Mnesilochus
779 864 889 928 filius?
1109 889 1111 898 ,
1139 879 1143 890 ’

101 947 162 1006 Cn.
182 944 268 1007 Deos
282 957 376 1023 atque
389 946 506 1006 amicos
520 946 550 1024 it
559 947 741 1007 salutatum
752 946 792 1007 ad
804 946 924 1008 torum.

99 1029 158 1092 Ns.
172 1030 215 1088 At
228 1047 287 1109 ego
302 1026 380 1092 hine
393 1024 432 1085 ad
444 1026 554 1088 illumi
569 1039 607 1088 ut
622 1045 809 1097 convenam,
824 1041 981 1108 quantmn
988 1041 1100 1109 potest.
1110 1061 1153 1080 -·-

101 1110 164 1173 Cu.
186 1109 246 1171 llle
264 1123 311 1170 est
329 1121 478 1170 oneratus
491 1122 580 1171 recte
591 1123 624 1171 et
641 1110 713 1187 plus
728 1111 810 1186 justo
822 1108 932 1175 vehit!

102 1192 226 1253 Exorsa
239 1190 318 1252 haec
336 1189 480 1256 teleneu
495 1191 581 1252 mele
596 1194 730 1253 omnino
745 1191 830 1252 mihi
843 1201 916 1256 etta
1095 1209 1155 1274 5¹5

100 1274 148 1336 Ut
162 1287 324 1342 ementem
335 1271 474 1348 herilem
487 1292 599 1353 copem
613 1275 756 1333 facerem
768 1273 888 1335 filium.
1135 1271 1139 1274 ’

98 1356 151 1418 Ita
167 1356 250 1431 feci,
270 1367 308 1414 ut
323 1355 392 1422 auri
406 1368 561 1433 quantum
582 1356 677 1417 vellet
692 1368 849 1426 sumeret3

100 1438 271 1517 Quantum
285 1449 394 1497 eutem
409 1435 520 1498 lubeat
533 1437 685 1510 reddere,
710 1450 747 1496 ut
758 1437 872 1498 reddet
887 1438 983 1519 patri,

98 1521 207 1581 Senex
221 1523 257 1580 in
270 1516 435 1599 Ephesum
447 1519 508 1579 ibit
523 1538 637 1581 eurum
655 1536 827 1591 arcessere3

97 1603 163 1665 Hic
177 1615 286 1663 nostra
301 1614 515 1683 egetur-aetas
529 1602 738 1662 inmrlucum
752 1599 905 1663 modumr
1092 1618 1153 1681 520

97 1685 267 1765 Siquidem
280 1683 334 1743 hic
349 1682 510 1762 relinquet
522 1702 627 1763 neque
646 1701 757 1745 secum
773 1684 911 1747 abducet
926 1704 1024 1746 senex

97 1765 180 1829 Med
195 1781 227 1827 et
242 1761 491 1830 Mnesilochum.
534 1767 622 1845 Ques
641 1785 700 1847 ego
717 1763 771 1825 hic
785 1767 895 1828 turbes
917 1768 1014 1830 dubo!
1036 1796 1078 1813 -

98 1849 166 1911 Sed
183 1848 259 1929 quid
271 1849 419 1908 futurum
434 1858 500 1920 est,
522 1868 619 1927 quom
632 1847 696 1907 hoc
710 1867 808 1910 senex
825 1851 989 1912 resciverit
1000 1851 1023 1909 i.

101 1934 214 2012 Quom
231 1949 263 1991 se
276 1929 493 1990 excucurrisse
507 1930 587 1990 illuc
601 1930 718 1990 frustra
734 1933 873 2004 sciverit,

98 2016 233 2093 Nosque
253 2030 366 2071 aurum
378 2009 509 2077 abusos?
530 2012 608 2092 quid
623 2010 707 2071 mihi
723 2010 781 2072 fiet
793 2013 920 2091 postea?
1092 2033 1153 2097 525

98 2095 206 2160 Credo
220 2094 344 2162 hercle,
365 2093 535 2154 adveniens
548 2113 669 2156 nomen
683 2094 822 2155 mutabit
836 2092 928 2167 mihi,

97 2179 277 2258 Facietque
289 2176 456 2260 ‘extemplo
473 2175 673 2237 Crucisalum
690 2196 743 2236 me
758 2195 799 2236 ex
814 2176 976 2258 Chrysalo.

99 2262 267 2340 Aufugero
279 2256 405 2329 hercle,
427 2261 453 2318 si
467 2261 570 2338 magis
584 2278 660 2321 usus
678 2260 818 2329 venerim
836 2323 839 2328 ξ

100 2346 133 2406 Si
150 2361 206 2421 ero
220 2340 445 2420 reprehensus,
467 2353 573 2400 rnacto
586 2341 683 2401 illum
697 2340 891 2401 infortunio!

100 2423 133 2488 Si
152 2424 206 2486 illi
222 2435 296 2484 sunt
310 2423 419 2501 virgae
432 2422 515 2481 ruri:
538 2436 571 2482 at
589 2422 672 2484 mihi
687 2434 815 2503 tergum
830 2423 920 2484 domi
933 2425 995 2485 est!
1045 2469 1048 2476 .
1094 2445 1155 2507 55⁰

99 2510 200 2572 Nunc
212 2505 281 2566 ibo:
303 2501 480 2563 herilifrlio
496 2503 579 2562 hanc
593 2506 746 2565 fabricam
762 2504 842 2563 daho

102 2589 206 2671 Super
220 2606 296 2650 auro
312 2587 475 2667 amicaque
493 2586 710 2664 ejus-inventa
726 2584 891 2651 Bacchide.

306 2862 952 2941 L'YDUS.

101 2986 242 3049 Pandite
270 2996 367 3066 atque
390 2983 512 3064 aperite
535 2998 669 3062 propere
689 2979 818 3053 januam
837 2979 921 3042 hanc
945 2983 1038 3058 Orci,
1066 2984 1155 3047 obse·

616 3064 691 3124 cro!
853 3076 877 3123 t.
894 3076 959 3126 t.c.
975 3066 1073 3140 1Π,ι

102 3150 193 3213 Nem
207 3150 356 3231 equidem
367 3146 454 3209 haud
467 3146 560 3208 aliter
575 3166 640 3210 esse
658 3144 755 3240 duco:
778 3145 896 3226 quippe
916 3167 977 3229 quo
991 3169 1089 3210 nemo
1101 3148 1155 3208 ad·

616 3240 714 3296 vemt,
1144 3261 1146 3263 v

103 3315 179 3376 Nisi
194 3333 290 3393 quem
307 3330 375 3392 spes
389 3308 547 3388 reliquere
561 3305 690 3379 omnes,
711 3325 778 3369 esse
791 3321 828 3368 ut
841 3310 929 3393 frugi
943 3313 1069 3391 possiet.
1096 3328 1158 3390 355

104 3395 258 3460 Baccides
271 3414 336 3455 uon
350 3391 539 3464 Bacchides,
561 3391 614 3453 sed
628 3390 775 3453 Bacchae
793 3407 866 3452 sunt
883 3411 1076 3457 acerrumae.

104 3479 215 3560 Apage
225 3479 298 3539 istas
311 3497 329 3537 a
342 3495 395 3536 me
409 3495 538 3545 sorores,
553 3492 633 3554 quae
639 3472 810 3534 hominum
816 3477 944 3536 sorbent
952 3478 1159 3557 sauguinem!

106 3559 221 3624 Omnis
239 3560 279 3620 ad
292 3559 468 3636 perniciem
483 3558 638 3617 instructa
651 3557 763 3616 domus
777 3560 883 3635 opime
902 3571 997 3638 etque
1013 3560 1157 3637 opipare!

108 3641 201 3721 Quae
220 3657 257 3703 ut
270 3642 419 3720 adspexit
445 3660 500 3700 me
516 3642 668 3699 continuo
681 3637 806 3700 contuli
827 3641 988 3718 protinam
1001 3640 1036 3698 in
1054 3639 1156 3719 pedes.

105 3724 219 3809 Egone
248 3736 286 3786 ut
315 3723 394 3786 haec
422 3722 570 3784 conclusa
597 3733 722 3805 gestem
743 3717 958 3787 clanculum?
993 3733 1031 3781 ut
1056 3722 1161 3785 celem

617 3816 755 3884 patrem,
966 3835 969 3840 »
1099 3824 1160 3885 540

157 3979 215 4034 513.
239 3966 289 4019 Vc
315 3962 480 4018 conveniam.
529 3976 585 4031 5¹7·
608 3975 687 4029 sequ.
720 3919 896 4037 Inqonoinne
918 3960 1017 4014 oratio.
1050 3943 1162 4042 hegen·

104 4029 177 4164 plprprr
191 4028 567 4152 ddffiffiffissfflmm
590 4040 680 4082 autem
697 4024 801 4107 ludusa,
823 4027 969 4142 redderem
984 4029 1061 4122 redrlt
1077 4043 1158 4144 petri.
