2725 4659
235 243 305 327 25⁸
564 228 623 300 M
664 231 735 302 A.
770 225 953 299 PLAUTI

229 414 269 480 Id
290 430 381 472 curas
402 422 498 490 atque
519 405 650 469 urbanis
670 410 766 471 rebus
786 424 820 471 te
840 408 1005 470 abnues?

230 496 306 557 Huc
328 495 487 554 venistine
508 511 656 571 sponsam
674 507 884 578 ‘praereptum
910 491 1041 552 meam?

230 580 292 640 Abi
313 596 377 645 rus,
399 575 452 633 abi
472 575 631 636 dierectus
650 579 798 636 tnamin
819 575 1034 656 provinciam!
1262 593 1298 653 15

230 662 290 723 01..
314 655 462 729 Chaline‚
482 673 548 717 nen
569 677 641 717 sum
661 658 780 718 oblitus
800 659 945 720 cilicium
961 674 1096 722 ¹metunt

229 743 387 810 Praefeci,
408 741 478 800 ruri
497 753 584 800 recte
604 743 661 820 qui
679 754 772 801 curet
792 754 914 803 tamen
937 763 939 772 ⁴

229 826 311 908 Ego,
333 825 398 884 huc
420 821 506 903 quod
526 827 599 883 veni
619 825 656 883 in
676 825 803 891 urbem,
826 823 853 884 si
874 825 1087 902 inpetravero,

229 908 377 967 Uxorem
398 920 435 966 ut
455 910 555 966 istanc
576 907 706 976 ducam,
728 925 824 987 quam
845 918 882 966 tu
905 906 1040 985 deperit,
1065 947 1067 952 -

230 991 355 1052 Bellum
376 1003 410 1049 et
429 988 583 1049 tenellam
603 988 766 1059 Casinam,
788 995 972 1050 cbnservam
994 1001 1097 1057 tuam,
1255 1006 1290 1048 so

234 1073 372 1152 Quando
393 1093 452 1153 ego
473 1093 544 1133 earu
565 1085 697 1132 mecum
717 1091 772 1131 rus
791 1091 929 1132 uxorem
948 1071 1132 1131 abduxere:

229 1155 318 1216 Rure
338 1155 496 1215 incubabo
519 1173 618 1232 usque
638 1158 673 1239 iu
695 1154 896 1236 praefectura
916 1171 1000 1215 ntea.

228 1239 291 1298 ΕΗ.
314 1238 403 1297 Tun'
425 1238 518 1298 illam
539 1238 658 1297 ducas?
680 1233 799 1297 Hercle
820 1257 873 1297 me
894 1233 1074 1315 suspendio,

230 1323 337 1399 Quam
356 1333 393 1379 tu
414 1321 482 1394 ejus
501 1323 609 1398 potior
629 1319 697 1393 fias,
718 1323 830 1380 satiust
852 1331 1026 1379 mortuom.
1118 1341 1120 1352 ¹

233 1401 508 1482 01..Meapraeda
524 1417 570 1462 est
579 1404 636 1461 illa
649 1426 655 1460 :
671 1404 765 1481 proin
778 1414 816 1462 tu
832 1415 866 1462 te
882 1405 917 1461 in
931 1402 1085 1480 laqueum
1100 1400 1237 1461 induas!
1255 1415 1291 1479 25
1349 1411 1350 1418 ’

232 1486 291 1546 Cn.
314 1485 364 1544 Ex
381 1484 557 1544 sterculino
579 1485 714 1554 ecfosse,⁴
732 1498 790 1544 tua
809 1484 902 1543 illaec
924 1484 1040 1563 praeda
1061 1484 1124 1543 sit?
1349 1553 1350 1560 ἵ

233 1569 296 1629 On.
316 1567 412 1638 Scies,
427 1565 488 1624 boc
507 1568 554 1625 ita
575 1583 652 1630 esse.
683 1567 743 1629 Ca.
758 1568 824 1626 Vae
838 1566 916 1626 ubit
945 1565 1005 1627 01..
1026 1569 1115 1646 Quot
1130 1580 1166 1626 te
1180 1566 1290 1638 modis,
1349 1579 1350 1628 l

230 1650 264 1709 st
285 1651 370 1721 vivo,
392 1647 520 1707 habeto
539 1649 577 1710 tn
596 1651 898 1729 septimanum
918 1648 1021 1716 meist
1119 1687 1124 1693 .
1349 1637 1350 1660 ¹

233 1734 293 1793 Cn.
317 1730 404 1812 Quid
421 1744 458 1789 tu
473 1729 558 1789 mihi
570 1732 692 1797 facies?
731 1731 791 1790 On.
812 1731 924 1814 Egone
945 1730 1023 1811 quid
1041 1731 1167 1790 faeiem
1188 1730 1274 1793 tibi?

230 1818 379 1881 Primum
398 1815 549 1873 omnium
568 1812 646 1875 huic
665 1814 789 1875 lucebis
810 1831 914 1873 novae
932 1827 1053 1893 nuptae
1072 1814 1200 1876 facem:
1255 1829 1291 1894 50

231 1898 366 1962 Postilla
386 1910 424 1957 ut
446 1913 631 1976 semper-
653 1898 806 1976 inprobus
828 1895 985 1975 nihilique
1007 1898 1056 1956 sis.

232 1985 309 2044 Post
328 1977 528 2048 idlocorum
549 1979 677 2058 quando
699 1978 738 2037 ed
759 1980 871 2041 villam
892 1979 1071 2039 adveneris:

232 2065 371 2126 Dabitur
391 2062 451 2122 tibi
471 2060 622 2141 amphora
643 2081 707 2121 una
728 2074 760 2122 et
782 2082 846 2121 una
867 2064 992 2132 semita,

232 2148 318 2209 Fons
339 2163 433 2216 unus,
454 2162 561 2205 unum
582 2139 723 2205 ebenum
749 2157 782 2204 et
802 2157 873 2205 octo
894 2145 989 2214 dolia,

234 2230 325 2307 Quae
346 2231 408 2288 nisi
427 2240 671 2308 eruntssemper
691 2228 803 2306 plena,
820 2245 886 2310 ego
907 2239 940 2287 te
955 2224 1085 2305 inplebo
1098 2223 1228 2308 flagris!
1257 2241 1294 2308 35

230 2313 280 2374 Ita
301 2328 335 2373 te
355 2309 539 2393 adgerunda
559 2329 691 2369 curvom
711 2313 793 2388 aq'ua
811 2309 941 2382 faciam,
958 2307 1106 2389 inprobe,

229 2394 278 2455 Ut
297 2396 453 2476 postilena
473 2393 573 2474 possit
592 2413 634 2452 ex
654 2407 686 2452 te
708 2392 795 2453 fieri!

232 2483 309 2543 Post
329 2490 449 2547 autem,
470 2476 539 2535 ruri
558 2476 624 2534 nisi
644 2489 681 2535 tu
703 2489 759 2536 aut
781 2494 888 2536 ervom
910 2473 1021 2541 ederis,

231 2565 307 2631 Aut,
329 2561 419 2639 quasi
437 2556 627 2627 lumbricus,
648 2570 784 2620 terram:
806 2558 890 2637 quod
909 2571 941 2617 te
962 2555 1104 2636 postules

231 2644 369 2710 Gustare
391 2638 577 2720 quidquam,
597 2658 768 2719 nunquam
789 2639 902 2719 edepol
921 2638 1081 2716 jejunium
1258 2657 1295 2718 4⁰

230 2722 388 2800 sejanum
406 2734 454 2782 est
474 2741 573 2801 aeque
595 2736 690 2801 atque
711 2743 770 2803 ego
790 2736 823 2781 te
845 2723 914 2782 ruri
934 2720 1080 2783 reddebo.

231 2807 307 2868 Post
328 2805 361 2866 id
382 2825 479 2886 quom
499 2803 604 2866 lassus'
618 2804 718 2868 fueris
738 2819 769 2865 et
790 2805 974 2865 famelicus:

232 2891 343 2951 Noctu
365 2899 401 2947 ut
421 2885 581 3012 condique
602 2898 634 2947 te
656 2885 763 2956 cubes,
783 2886 958 2949 curabitur.
1042 2953 1044 2956 ,

233 2974 292 3033 Cn.
317 2969 404 3051 Quid
425 2970 535 3029 facies.
585 2967 644 3032 01..
666 2967 868 3030 Concludere
888 2970 1076 3030 infernam
1097 2967 1252 3049 firmiter,

230 3053 327 3113 Unde
348 3050 527 3111 auscultare
548 3054 658 3132 possis,
681 3071 780 3132 quom
802 3071 861 3132 ego
881 3053 973 3113 illam
996 3052 1131 3112 osculer.
1256 3071 1294 3133 45

235 3139 344 3218 Quom
364 3138 412 3195 mi
431 3133 491 3194 illa
512 3134 611 3194 dicet:
645 3131 721 3209 „Mi
742 3135 897 3209 animula,
918 3136 965 3195 mi
987 3132 1153 3215 Olympio,

303 3275 341 3331 16.
359 3275 405 3334 Ita
421 3273 574 3328 Guelfcet
589 3239 656 3327 vedd.⁴
671 3281 741 3327 vett.
757 3272 894 3328 Helenen:
915 3274 978 3339 ch..
1001 3291 1057 3327 non
1074 3275 1128 3325 ott.
1149 3281 1178 3328 ὀ.
1190 3293 1235 3330 τι.
1251 3276 1294 3332 v.:

232 3364 289 3397 non
312 3363 372 3416 qum
395 3359 445 3414 ego
469 3342 523 3392 ott.
573 3342 614 3394 26.
638 3341 685 3393 sic
707 3340 768 3393 fere
794 3350 823 3393 et
846 3341 894 3393 bic
911 3342 984 3394 alibi
1006 3340 1089 3392 codd.
1107 3344 1294 3412 antiquiora

232 3415 279 3467 Vn
303 3410 484 3478 sterquilinio.
542 3423 583 3475 51.
608 3405 703 3462 Libri:
727 3409 859 3475 nihilque.
911 3408 951 3474 36.
974 3407 1139 3486 V.3⁴probe;
1163 3409 1216 3460 sed
1231 3421 1294 3462 nu}

234 3493 321 3549 quam
339 3494 387 3529 me
404 3475 501 3594 lepore
518 3475 641 3527 memini
661 3478 699 3525 ito
716 3475 805 3540 probe.
846 3482 887 3541 33.
905 3476 950 3526 V.:
969 3478 1025 3526 nist
1042 3489 1070 3525 tu
1090 3489 1221 3526 aceruum
1239 3478 1295 3527 ede

234 3551 281 3598 ris.
315 3544 354 3596 Et
371 3544 410 3594 sio
445 3558 495 3592 ere
513 3547 582 3594 v‘ott.
606 3540 662 3592 Sed
684 3541 795 3592 Sarrae.
813 3549 843 3592 et
859 3540 940 3591 Ala:
964 3543 997 3591 P.
1018 3561 1044 3591 a.
1062 3543 1119 3591 nisi
1133 3546 1191 3592 ruri
1210 3555 1242 3593 tu
1259 3559 1294 3593 er·

231 3632 294 3674 uum
312 3614 373 3673 ed.;
391 3609 549 3661 Cameren:
567 3609 599 3659 P.
616 3626 642 3659 a.
661 3626 688 3660 n.
707 3627 728 3664 r.
742 3621 770 3658 tu
789 3626 878 3658 ervum
889 3610 1050 3674 comederis.
1070 3607 1232 3676 Scriptum,
1245 3608 1294 3678 gii»

232 3688 329 3731 scente
345 3677 560 3745 depravatione,
579 3687 707 3739 acervom,
726 3692 858 3724 acervom.
899 3675 964 3725 Non
981 3674 1069 3725 semel
1087 3675 1176 3725 mixta
1193 3693 1242 3741 nc,
1260 3669 1295 3740 it,

233 3761 290 3798 ant.
323 3745 388 3797 Non
403 3742 541 3812 liquescit
559 3759 655 3795 ervom.
700 3755 743 3805 41.
760 3741 803 3791 Ita
820 3740 939 3808 plurimi
954 3749 1023 3792 vett.
1046 3741 1170 3807 Legitur
1186 3740 1294 3793 Diceltc

196 3828 199 3835 ·
233 3821 264 3862 et
280 3811 386 3866 Ftdebo
403 3808 480 3878 apud
496 3808 650 3872 Naevium,
666 3818 701 3858 ut
718 3815 816 3858 mouet
832 3808 988 3859 Meursius.
1006 3805 1051 3857 Cl.
1069 3808 1141 3857 Non.
1161 3824 1187 3864 v.
1201 3805 1295 3862 Redd-

233 3878 291 3931 ibo.
310 3880 355 3931 V.:
380 3876 518 3944 Jeju‘nium
544 3887 584 3923 est
602 3892 702 3940 neque,
720 3888 802 3939 atque
820 3892 874 3939 ego
891 3876 947 3923 ruri
969 3873 1081 3924 reddibo
1099 3888 1125 3923 te
1141 3874 1204 3925 Vet
1223 3873 1295 3926 lib

234 3944 380 3994 Cametas.
399 3957 424 3992 τε
444 3944 499 3991 ruri
517 3940 645 4002 reddib03
661 3949 692 3991 et
703 3939 815 3990 reddito
830 3940 948 4007 quidem
965 3941 1011 3990 vel
1025 3940 1116 3990 redibo
1131 3940 1194 3991 iere
1207 3941 1294 3996 otiu

134 4046 139 4061 .
235 4006 459 4075 neterinutiqui.
509 4022 551 4071 44.
575 4007 620 4057 Ita
640 4007 722 4057 vitus
740 4006 896 4056 Garnerus.
914 4008 1028 4058 Festus:
1052 4007 1297 4078 Festrnmuripi

235 4074 372 4139 dicebant,
394 4093 473 4141 quam
491 4092 540 4123 nos
551 4073 715 4139 fenestram.
732 4072 763 4124 V.
774 4088 779 4118 =
791 4073 957 4138 fenestram.
974 4071 1019 4125 Cf.
1037 4072 1104 4125 Mil.
1122 4080 1182 4139 381.
