2725 4659
495 295 732 367 Asturum.
1101 309 1158 387 tt

92 474 152 533 An.
173 472 251 534 Ten'
272 473 452 545 osculetur,
474 474 626 536 verbero?
662 474 720 537 Lr.
749 474 857 552 Quam
880 495 955 538 vero
974 475 1144 560 indignum

562 564 578 636 J
602 558 709 618 visum
730 559 797 618 est?
1084 561 1146 636 645

89 644 195 718 Atque
216 638 271 718 pol
291 638 388 698 hodio
410 658 473 697 non
496 638 588 709 feres,
609 639 645 699 ni
667 657 772 721 genua
794 642 1020 703 confricantur.

88 722 148 781 Aa.
158 721 291 797 Quidvis
301 724 581 800 egestasimperot:
595 722 763 782 fricentur.
784 722 1142 801 Pn1.Dane,quodoro!

89 803 178 881 Age,
209 805 255 860 mi
277 802 435 874 Leonida,
463 805 605 873 obseoro;
628 804 678 862 fer
700 809 820 864 amanti
843 803 921 865 hero
946 805 1101 863 salutem!

88 884 227 944 Redime
244 885 323 943 istoc
348 885 516 945 benefacto
540 885 630 947 teab
649 884 722 956 hoc,
747 899 779 946 et
802 887 864 964 tibi
881 907 953 947 eme
971 886 1059 946 bunc
1081 887 1143 946 isto

604 987 637 1027 ar
663 971 764 1027 00ῑοὶ-
988 983 992 990 ‘

86 1050 150 1110 Lu.
171 1045 278 1108 Nimis
297 1046 384 1108 bella
405 1068 438 1108 es
459 1062 554 1130 atque
576 985 737 1119 amagbilim
759 1062 792 1110 et
806 1051 832 1110 si
844 1049 1030 1110 hocmeum
1046 1062 1143 1109 ersets

489 1131 491 1136 ⁴
603 1132 698 1192 bodie
1082 1135 1143 1206 650
1182 1197 1184 1200 ,

87 1212 266 1289 Nunquam
286 1229 338 1271 me
352 1229 466 1283 orares,
475 1212 554 1289 quin
562 1213 687 1273 darem!
704 1211 810 1273 illunc
827 1228 860 1275 te
883 1232 984 1285 orare,
999 1211 1144 1273 meliust:

87 1294 154 1353 Ille
178 1296 260 1354 hanc
279 1294 361 1354 mihi
380 1294 567 1353 servandam
584 1294 683 1355 dedit.
720 1296 737 1354 Ι
758 1315 844 1363 sane,
865 1297 964 1365 bella,
985 1295 1069 1355 belle
1083 1296 1090 1351 ἒ
1104 1314 1146 1335 -··

89 1375 177 1455 Cape
200 1376 261 1435 hoc
282 1379 332 1450 sis,
351 1376 490 1435 Libane!
520 1380 579 1437 Au.
595 1377 753 1447 Furcifer,
777 1380 918 1438 etiamne
938 1377 1103 1437 delusisti?

87 1458 147 1546 Lu.
176 1459 351 1541 Nunquam
378 1457 485 1517 hercle
512 1459 670 1529 iacerem,
700 1478 805 1542 genua
833 1463 870 1521 ni
901 1473 968 1520 tam
994 1461 1146 1539 nequiter

274 1583 276 1586 ψ
600 1541 740 1604 fricrres.
760 1577 802 1591 -·
855 1539 857 1545 ’
1123 1547 1127 1556 ’

88 1622 160 1702 Age
182 1622 221 1682 sis
241 1632 279 1682 tu
305 1620 342 1680 in
361 1634 485 1700 partem
504 1639 594 1683 nuno
620 1629 688 1684 lam
707 1622 794 1684 hunc
813 1622 940 1703 delude,
961 1636 1056 1702 atque
1078 1642 1144 1683 am·

602 1707 734 1783 plexare
754 1705 854 1766 hanc!
1082 1709 1143 1780 655

55 1797 63 1812 ·
87 1786 143 1849 Lt.
164 1786 297 1848 Taceat!
326 1806 379 1847 me
400 1789 538 1865 spectes!
576 1788 633 1852 Aa.
667 1788 755 1866 Quin
769 1789 809 1848 od
825 1788 924 1861 hunc,
944 1786 1143 1858 Philenium,

603 1869 819 1950 adgredimur,

87 1952 201 2012 Virum
228 1952 356 2030 quidem
377 1951 431 2030 pol
448 1963 616 2030 optumum
640 1966 672 2013 et
686 1972 752 2012 non
774 1953 911 2014 similem
925 1952 1005 2013 furis
1024 1949 1143 2023 hujus?

86 2034 144 2098 L1.
165 2034 437 2094 Inambulandum
451 2047 506 2097 eet.
535 2035 631 2095 Nunc
653 2034 737 2095 mihi
752 2038 890 2096 vicissim
908 2035 1143 2117 supplicabunt.

89 2120 150 2178 Au.
174 2116 298 2193 Quaeso
318 2116 440 2190 hercle,
454 2117 588 2186 Libane,
601 2120 640 2178 sis
661 2117 779 2177 herum
792 2120 856 2177 tuis
871 2118 965 2177 factis
980 2116 1143 2193 sospitati:
1204 2109 1222 2128 “

89 2200 144 2259 Da
159 2202 205 2258 mi
222 2202 296 2258 istas
316 2199 431 2279 viginti
444 2198 563 2259 minas!
586 2199 681 2260 Vides
696 2219 749 2259 me
765 2212 926 2259 amantem
944 2218 1048 2276 egere.
1083 2197 1143 2255 660

89 2280 351 2349 L1.Videbitur;
373 2281 496 2339 factum
517 2281 603 2350 volo;
624 2279 726 2341 redito
746 2280 812 2341 buc
834 2282 1013 2341 conticinio.

89 2364 187 2424 Nunc
208 2367 303 2423 istam
324 2365 476 2441 tantisper
495 2358 571 2435 jube
592 2378 700 2442 petere
721 2375 814 2443 atque
835 2382 924 2421 orare
945 2379 1085 2422 mecum.

89 2445 165 2506 Pm.
186 2444 371 2505 Amandone
391 2447 553 2505 exorarier
571 2457 604 2504 te
625 2448 682 2517 vis,
703 2464 745 2504 an
765 2443 960 2506 osculando?

60 2585 64 2592 .
88 2528 144 2590 L1.
166 2526 346 2589 Enimvero
358 2540 542 2605 utrumque.
570 2527 642 2587 Pru.
663 2530 750 2607 Ergo
764 2527 950 2600 obsecrem,
966 2524 1144 2603 ¹utrumque

588 2649 590 2652 -
603 2624 750 2670 nostrum
770 2612 872 2671 serva!

88 2695 150 2754 An.
172 2690 349 2763 OLibane,
370 2692 418 2752 mi
433 2704 577 2772 patrone,
597 2695 644 2752 mi
656 2692 743 2754 trade
765 2693 862 2753 istuc!
905 2685 956 2754 Lr.
978 2689 1075 2774 Mage
1089 2689 1144 2749 de·

167 2831 170 2840 ,
364 2785 369 2798 “
603 2794 713 2837 corum
736 2788 792 2847 est,
1083 2776 1144 2847 665

87 2856 258 2919 Libertum
273 2856 379 2934 potius
402 2874 496 2935 quam
511 2872 685 2936 patronum
708 2876 787 2919 onus
808 2860 844 2917 in
868 2859 918 2918 via
938 2869 1074 2936 portare.

87 2943 164 3004 Pur.
186 2937 236 2998 Mi
258 2938 392 3012 Libane,
414 2941 534 3000 ocellus
552 2961 677 3011 aureus,
696 2940 817 3000 donum
835 2940 992 3017 decusque
1014 2937 1143 3010 amoris,

88 3020 214 3083 Amabo
234 3021 362 3090 faciam,
384 3022 469 3100 quod
492 3023 594 3083 voles:
616 3022 656 3082 da
675 3023 757 3084 istuc
774 3036 944 3103 argentum
965 3022 1080 3081 nobisl.

89 3105 145 3165 Lr.
161 3105 328 3184 Dicigitur
336 3117 486 3164 metuam
497 3104 908 3177 anaticulanr,columbam‚
918 3106 967 3163 vel
977 3104 1141 3176 catellum,

89 3185 327 3257 Hirun'dinem,
348 3186 572 3257 monedulam,
597 3189 832 3269 passerculum,
859 3186 1032 3264 putillum!
1082 3188 1143 3261 670

89 3272 154 3331 Fac
164 3284 401 3348 proserpentem
409 3270 542 3331 bestiam
550 3290 615 3331 me:
625 3267 1141 3349 duplicemuthabeamlinguam!

90 3351 294 3413 circumdato
316 3372 370 3411 me
391 3351 544 3413 brachiis!
567 3372 679 3412 meum
701 3352 820 3411 collum
845 3350 1089 3430 circumplecte!

88 3433 151 3498 An.
172 3434 251 3496 Ten’
266 3434 497 3516 conplectatur,
510 3435 688 3496 carnufex?
710 3433 759 3494 L1.
779 3435 885 3516 Quam
902 3454 976 3495 vero
988 3431 1142 3514 indignus

603 3517 736 3581 videor?

158 3722 214 3842 645
232 3725 326 3778 Codex
342 3726 470 3779 Camer.:
488 3730 564 3791 dant,
583 3729 655 3795 quod
666 3746 720 3781 oro.
744 3729 791 3776 V.:
809 3728 844 3777 da
863 3742 950 3787 stunc,
969 3740 994 3789 q.
1009 3739 1033 3771 o.
1054 3721 1142 3801 Dant,

205 3807 245 3858 49.
261 3794 310 3857 V„
334 3793 492 3845 invenustis
508 3794 652 3848 numeris:
670 3793 811 3860 beneficio.
835 3795 964 3844 Monac:
988 3789 1141 3854 benefacto.

88 3860 148 3925 653.
167 3860 216 3911 V.:
235 3860 316 3909 ettam
333 3879 374 3911 me
391 3862 444 3912 del.
480 3862 534 3913 Sed
549 3861 715 3913 Philenium
733 3875 845 3928 quoque
861 3857 911 3908 ille
929 3855 1043 3906 delusit.
1083 3853 1142 3907 662.

88 3927 137 3978 Sic
155 3933 233 3988 vett,
257 3924 303 3975 vel
317 3927 402 4003 jubes.
436 3928 516 3980 Male
532 3927 689 3979 secundnm
707 3925 787 3983 Guil,
810 3928 927 3994 Quaeri.
949 3923 981 3974 iu
1004 3924 1048 3974 As.
1074 3938 1099 3979 c.
1113 3936 1143 3989 7.

87 3991 198 4059 legitur
211 3990 275 4058 jube
299 4010 346 4043 sss.
398 3990 454 4058 664.
478 3995 524 4045 V.:
551 3995 607 4058 Ego
635 3994 690 4043 obs.
709 4004 747 4055 te,
768 4005 792 4040 tt
811 4006 839 4039 tu
856 4005 884 4039 ur
902 4009 927 4040 rt.
946 4008 968 4039 s.
1020 3988 1077 4058 669.
1095 3988 1142 4041 Sic

88 4057 199 4130 aliquot
215 4056 324 4127 Langg.
341 4060 388 4112 V.:
407 4074 480 4110 ruam
496 4076 554 4111 non
570 4058 691 4128 legitur,
704 4056 889 4127 quodposcit
906 4071 1012 4108 versus.

89 3793 137 3845 de.
