<?xml version="1.0" encoding="UTF-8"?>
<!DOCTYPE html PUBLIC "-//W3C//DTD XHTML 1.0 Transitional//EN"
    "http://www.w3.org/TR/xhtml1/DTD/xhtml1-transitional.dtd">
<html xmlns="http://www.w3.org/1999/xhtml" xml:lang="en" lang="en">
 <head>
  <title>
</title>
<meta http-equiv="Content-Type" content="text/html;charset=utf-8" />
  <meta name='ocr-system' content='tesseract 3.04.00' />
  <meta name='ocr-capabilities' content='ocr_page ocr_carea ocr_par ocr_line ocrx_word'/>
</head>
<body>
  <div class='ocr_page' id='page_1' title='image "./mattiplauticomo00unkngoog/mattiplauticomo00unkngoog_0143.png"; bbox 0 0 2725 4659; ppageno 0'>
   <div class='ocr_carea' id='block_1_1' title="bbox 451 219 1127 376">
    <p class='ocr_par' dir='ltr' id='par_1_1' title="bbox 451 219 1127 376">
     <span class='ocr_line' id='line_1_1' title="bbox 451 219 1127 376; baseline -0.003 -27"><span class='ocrx_word' id='word_1_1' title='bbox 451 267 747 349; x_wconf 71' lang='lat' dir='ltr'><strong>eunonium.</strong></span> <span class='ocrx_word' id='word_1_2' title='bbox 1057 219 1127 376; x_wconf 65' lang='grc'>119</span> 
     </span>
    </p>
   </div>
   <div class='ocr_carea' id='block_1_2' title="bbox 19 457 1137 3931">
    <p class='ocr_par' dir='ltr' id='par_1_2' title="bbox 19 457 1133 2172">
     <span class='ocr_line' id='line_1_2' title="bbox 19 457 1132 542; baseline -0.002 -16"><span class='ocrx_word' id='word_1_3' title='bbox 19 535 20 538; x_wconf 10' lang='lat'>¹</span> <span class='ocrx_word' id='word_1_4' title='bbox 65 459 136 526; x_wconf 84' lang='lat' dir='ltr'><strong>Mn.</strong></span> <span class='ocrx_word' id='word_1_5' title='bbox 154 460 250 528; x_wconf 77' lang='lat' dir='ltr'><strong>Certe</strong></span> <span class='ocrx_word' id='word_1_6' title='bbox 263 459 378 542; x_wconf 86' lang='lat' dir='ltr'><strong>edepol</strong></span> <span class='ocrx_word' id='word_1_7' title='bbox 391 460 545 540; x_wconf 78' lang='lat' dir='ltr'><strong>equidem</strong></span> <span class='ocrx_word' id='word_1_8' title='bbox 558 472 591 520; x_wconf 88' lang='lat' dir='ltr'><strong>te</strong></span> <span class='ocrx_word' id='word_1_9' title='bbox 605 457 711 520; x_wconf 73' lang='lat' dir='ltr'><strong>civem</strong></span> <span class='ocrx_word' id='word_1_10' title='bbox 721 458 882 521; x_wconf 67' lang='grc'>1111111111</span> <span class='ocrx_word' id='word_1_11' title='bbox 896 460 988 523; x_wconf 85' lang='lat' dir='ltr'><strong>omni</strong></span> <span class='ocrx_word' id='word_1_12' title='bbox 1001 461 1132 523; x_wconf 69' lang='lat' dir='ltr'><strong>manete</strong></span> 
     </span>
     <span class='ocr_line' id='line_1_3' title="bbox 66 541 1129 685; baseline 0.002 -80"><span class='ocrx_word' id='word_1_13' title='bbox 66 544 201 626; x_wconf 79' lang='lat' dir='ltr'>Semper</span> <span class='ocrx_word' id='word_1_14' title='bbox 218 542 521 618; x_wconf 61' lang='lat' dir='ltr'><strong>„sunnarbitraum</strong></span> <span class='ocrx_word' id='word_1_15' title='bbox 544 542 874 685; x_wconf 52' lang='lat' dir='ltr'><strong>&#39;eqlpiqnqleqrbitron</strong></span> <span class='ocrx_word' id='word_1_16' title='bbox 910 541 972 607; x_wconf 84' lang='lat' dir='ltr'><strong>En.</strong></span> <span class='ocrx_word' id='word_1_17' title='bbox 1002 545 1129 626; x_wconf 83' lang='lat' dir='ltr'><strong>Aurum</strong></span> 
     </span>
     <span class='ocr_line' id='line_1_4' title="bbox 66 669 1130 805; baseline 0 -34"><span class='ocrx_word' id='word_1_18' title='bbox 66 708 156 789; x_wconf 85' lang='lat' dir='ltr'><strong>Quid</strong></span> <span class='ocrx_word' id='word_1_19' title='bbox 174 726 265 771; x_wconf 87' lang='lat' dir='ltr'><strong>nuno</strong></span> <span class='ocrx_word' id='word_1_20' title='bbox 280 727 335 770; x_wconf 90' lang='lat' dir='ltr'><strong>me</strong></span> <span class='ocrx_word' id='word_1_21' title='bbox 349 709 420 771; x_wconf 78' lang='lat' dir='ltr'><strong>vie?</strong></span> <span class='ocrx_word' id='word_1_22' title='bbox 447 705 519 769; x_wconf 88' lang='lat' dir='ltr'><strong>Mn.</strong></span> <span class='ocrx_word' id='word_1_23' title='bbox 533 669 818 805; x_wconf 70' lang='lat' dir='ltr'><strong>Quoniamtume</strong></span> <span class='ocrx_word' id='word_1_24' title='bbox 834 718 868 768; x_wconf 91' lang='lat' dir='ltr'><strong>et</strong></span> <span class='ocrx_word' id='word_1_25' title='bbox 884 726 943 788; x_wconf 84' lang='lat' dir='ltr'><strong>ego</strong></span> <span class='ocrx_word' id='word_1_26' title='bbox 958 719 1003 782; x_wconf 92' lang='lat' dir='ltr'><strong>te,</strong></span> <span class='ocrx_word' id='word_1_27' title='bbox 1024 709 1130 789; x_wconf 78' lang='lat' dir='ltr'><strong>qualia</strong></span> 
     </span>
     <span class='ocr_line' id='line_1_5' title="bbox 65 807 1131 955; baseline -0.004 -15"><span class='ocrx_word' id='word_1_28' title='bbox 65 876 160 955; x_wconf 83' lang='lat' dir='ltr'><strong>Quae</strong></span> <span class='ocrx_word' id='word_1_29' title='bbox 179 894 230 937; x_wconf 87' lang='lat' dir='ltr'><strong>res</strong></span> <span class='ocrx_word' id='word_1_30' title='bbox 251 884 338 935; x_wconf 88' lang='lat' dir='ltr'><strong>recte</strong></span> <span class='ocrx_word' id='word_1_31' title='bbox 358 883 467 945; x_wconf 78' lang='lat' dir='ltr'><strong>vortat</strong></span> <span class='ocrx_word' id='word_1_32' title='bbox 477 807 763 951; x_wconf 50' lang='lat' dir='ltr'><strong>mrinqrsrles&#39;usliigue</strong></span> <span class='ocrx_word' id='word_1_33' title='bbox 776 884 914 949; x_wconf 76' lang='lat' dir='ltr'><strong>tuaeque</strong></span> <span class='ocrx_word' id='word_1_34' title='bbox 930 870 1026 945; x_wconf 81' lang='lat' dir='ltr'><strong>filine,</strong></span> <span class='ocrx_word' id='word_1_35' title='bbox 1042 901 1045 906; x_wconf 92' lang='lat'>·</span> <span class='ocrx_word' id='word_1_36' title='bbox 1070 890 1131 954; x_wconf 76' lang='lat'><strong>175</strong></span> 
     </span>
     <span class='ocr_line' id='line_1_6' title="bbox 64 952 1007 1033; baseline -0.004 -14"><span class='ocrx_word' id='word_1_37' title='bbox 64 957 188 1026; x_wconf 85' lang='lat' dir='ltr'><strong>Filiam</strong></span> <span class='ocrx_word' id='word_1_38' title='bbox 204 968 298 1018; x_wconf 88' lang='lat' dir='ltr'><strong>tuam</strong></span> <span class='ocrx_word' id='word_1_39' title='bbox 312 956 360 1026; x_wconf 83' lang='lat' dir='ltr'><strong>mi</strong></span> <span class='ocrx_word' id='word_1_40' title='bbox 374 973 513 1015; x_wconf 84' lang='lat' dir='ltr'><strong>uxorem</strong></span> <span class='ocrx_word' id='word_1_41' title='bbox 527 973 633 1033; x_wconf 87' lang='lat' dir='ltr'><strong>posco.</strong></span> <span class='ocrx_word' id='word_1_42' title='bbox 654 953 825 1025; x_wconf 82' lang='lat' dir='ltr'><strong>Promitte,</strong></span> <span class='ocrx_word' id='word_1_43' title='bbox 845 952 907 1012; x_wconf 88' lang='lat' dir='ltr'><strong>hoc</strong></span> <span class='ocrx_word' id='word_1_44' title='bbox 927 955 1007 1015; x_wconf 85' lang='lat' dir='ltr'><strong>fore.</strong></span> 
     </span>
     <span class='ocr_line' id='line_1_7' title="bbox 63 1034 1129 1119; baseline -0.005 -16"><span class='ocrx_word' id='word_1_45' title='bbox 63 1043 129 1105; x_wconf 81' lang='lat' dir='ltr'><strong>Eu.</strong></span> <span class='ocrx_word' id='word_1_46' title='bbox 147 1038 232 1100; x_wconf 87' lang='lat' dir='ltr'><strong>Heia</strong></span> <span class='ocrx_word' id='word_1_47' title='bbox 247 1035 434 1119; x_wconf 80' lang='lat' dir='ltr'><strong>Megadore,</strong></span> <span class='ocrx_word' id='word_1_48' title='bbox 451 1035 540 1097; x_wconf 91' lang='lat' dir='ltr'><strong>hand</strong></span> <span class='ocrx_word' id='word_1_49' title='bbox 552 1035 706 1098; x_wconf 87' lang='lat' dir='ltr'><strong>decorum</strong></span> <span class='ocrx_word' id='word_1_50' title='bbox 718 1034 844 1105; x_wconf 80' lang='lat' dir='ltr'><strong>facinus</strong></span> <span class='ocrx_word' id='word_1_51' title='bbox 857 1039 921 1097; x_wconf 82' lang='lat' dir='ltr'><strong>tuis</strong></span> <span class='ocrx_word' id='word_1_52' title='bbox 934 1036 1026 1097; x_wconf 82' lang='lat' dir='ltr'><strong>iactis</strong></span> <span class='ocrx_word' id='word_1_53' title='bbox 1037 1038 1129 1108; x_wconf 77' lang='lat' dir='ltr'><strong>fasir,</strong></span> 
     </span>
     <span class='ocr_line' id='line_1_8' title="bbox 65 1119 1131 1260; baseline -0.002 -76"><span class='ocrx_word' id='word_1_54' title='bbox 65 1123 117 1184; x_wconf 89' lang='lat' dir='ltr'><strong>Ut</strong></span> <span class='ocrx_word' id='word_1_55' title='bbox 137 1124 269 1203; x_wconf 83' lang='lat' dir='ltr'>inopem</span> <span class='ocrx_word' id='word_1_56' title='bbox 289 1134 384 1199; x_wconf 85' lang='lat' dir='ltr'><strong>atque</strong></span> <span class='ocrx_word' id='word_1_57' title='bbox 402 1121 578 1188; x_wconf 79' lang='lat' dir='ltr'><strong>innoxium</strong></span> <span class='ocrx_word' id='word_1_58' title='bbox 596 1120 654 1260; x_wconf 61' lang='lat' dir='ltr'><strong>aps</strong></span> <span class='ocrx_word' id='word_1_59' title='bbox 673 1130 707 1178; x_wconf 88' lang='lat' dir='ltr'><strong>te</strong></span> <span class='ocrx_word' id='word_1_60' title='bbox 727 1130 823 1196; x_wconf 87' lang='lat' dir='ltr'><strong>atque</strong></span> <span class='ocrx_word' id='word_1_61' title='bbox 851 1119 905 1180; x_wconf 82' lang='lat' dir='ltr'><strong>ahs</strong></span> <span class='ocrx_word' id='word_1_62' title='bbox 923 1121 989 1180; x_wconf 83' lang='lat' dir='ltr'><strong>tuis</strong></span> <span class='ocrx_word' id='word_1_63' title='bbox 1007 1141 1062 1183; x_wconf 90' lang='lat' dir='ltr'><strong>me</strong></span> <span class='ocrx_word' id='word_1_64' title='bbox 1081 1123 1131 1184; x_wconf 87' lang='lat' dir='ltr'><strong>in·</strong></span> 
     </span>
     <span class='ocr_line' id='line_1_9' title="bbox 585 1211 1107 1263; baseline -0.006 0"><span class='ocrx_word' id='word_1_65' title='bbox 585 1224 614 1263; x_wconf 84' lang='lat' dir='ltr'><strong>ri</strong></span> <span class='ocrx_word' id='word_1_66' title='bbox 637 1220 709 1261; x_wconf 80' lang='lat' dir='ltr'><strong>eas:</strong></span> <span class='ocrx_word' id='word_1_67' title='bbox 956 1211 961 1228; x_wconf 84' lang='lat'><em>&#39;</em></span> <span class='ocrx_word' id='word_1_68' title='bbox 1039 1216 1044 1226; x_wconf 88' lang='lat'><em>&#39;</em></span> <span class='ocrx_word' id='word_1_69' title='bbox 1104 1211 1107 1218; x_wconf 94' lang='grc'><strong>’</strong></span> 
     </span>
     <span class='ocr_line' id='line_1_10' title="bbox 63 1282 1131 1426; baseline -0.004 -77"><span class='ocrx_word' id='word_1_70' title='bbox 63 1286 100 1349; x_wconf 93' lang='lat' dir='ltr'>N</span> <span class='ocrx_word' id='word_1_71' title='bbox 101 1306 156 1352; x_wconf 83' lang='lat' dir='ltr'><strong>am</strong></span> <span class='ocrx_word' id='word_1_72' title='bbox 177 1286 217 1347; x_wconf 89' lang='lat' dir='ltr'><strong>de</strong></span> <span class='ocrx_word' id='word_1_73' title='bbox 233 1297 265 1347; x_wconf 90' lang='lat' dir='ltr'><strong>te</strong></span> <span class='ocrx_word' id='word_1_74' title='bbox 284 1303 391 1365; x_wconf 86' lang='lat' dir='ltr'><strong>neque</strong></span> <span class='ocrx_word' id='word_1_75' title='bbox 410 1305 446 1348; x_wconf 87' lang='lat' dir='ltr'><strong>re</strong></span> <span class='ocrx_word' id='word_1_76' title='bbox 465 1302 574 1366; x_wconf 89' lang='lat' dir='ltr'><strong>neque</strong></span> <span class='ocrx_word' id='word_1_77' title='bbox 583 1282 701 1426; x_wconf 61' lang='lat' dir='ltr'><strong>⁴5vepbia</strong></span> <span class='ocrx_word' id='word_1_78' title='bbox 721 1282 841 1358; x_wconf 87' lang='lat' dir='ltr'><strong>merui,</strong></span> <span class='ocrx_word' id='word_1_79' title='bbox 860 1296 897 1344; x_wconf 88' lang='lat' dir='ltr'><strong>ut</strong></span> <span class='ocrx_word' id='word_1_80' title='bbox 911 1284 1034 1346; x_wconf 85' lang='lat' dir='ltr'><strong>faceres</strong></span> <span class='ocrx_word' id='word_1_81' title='bbox 1047 1283 1131 1365; x_wconf 88' lang='lat' dir='ltr'><strong>quod</strong></span> 
     </span>
     <span class='ocr_line' id='line_1_11' title="bbox 599 1385 671 1428; baseline 0.014 -1"><span class='ocrx_word' id='word_1_82' title='bbox 599 1385 671 1428; x_wconf 83' lang='lat' dir='ltr'><strong>ecre.</strong></span> 
     </span>
     <span class='ocr_line' id='line_1_12' title="bbox 64 1449 1133 1533; baseline -0.001 -22"><span class='ocrx_word' id='word_1_83' title='bbox 64 1449 139 1514; x_wconf 82' lang='lat' dir='ltr'><strong>Mn.</strong></span> <span class='ocrx_word' id='word_1_84' title='bbox 154 1451 272 1533; x_wconf 89' lang='lat' dir='ltr'><strong>Neque</strong></span> <span class='ocrx_word' id='word_1_85' title='bbox 283 1449 464 1532; x_wconf 82' lang='lat' dir='ltr'><strong>edepolego</strong></span> <span class='ocrx_word' id='word_1_86' title='bbox 481 1463 514 1511; x_wconf 84' lang='lat' dir='ltr'><strong>te</strong></span> <span class='ocrx_word' id='word_1_87' title='bbox 522 1450 665 1514; x_wconf 72' lang='lat' dir='ltr'><strong>dmieum</strong></span> <span class='ocrx_word' id='word_1_88' title='bbox 678 1450 782 1520; x_wconf 87' lang='lat' dir='ltr'><strong>venio,</strong></span> <span class='ocrx_word' id='word_1_89' title='bbox 790 1466 897 1528; x_wconf 84' lang='lat' dir='ltr'><strong>neque</strong></span> <span class='ocrx_word' id='word_1_90' title='bbox 904 1449 1047 1520; x_wconf 87' lang='lat' dir='ltr'><strong>derideo,</strong></span> <span class='ocrx_word' id='word_1_91' title='bbox 1072 1453 1133 1521; x_wconf 71' lang='lat'><strong>186</strong></span> 
     </span>
     <span class='ocr_line' id='line_1_13' title="bbox 64 1531 1130 1676; baseline -0.005 -80"><span class='ocrx_word' id='word_1_92' title='bbox 64 1537 183 1614; x_wconf 88' lang='lat' dir='ltr'><strong>Neque</strong></span> <span class='ocrx_word' id='word_1_93' title='bbox 205 1534 344 1616; x_wconf 76' lang='lat' dir='ltr'><strong>dignm</strong></span> <span class='ocrx_word' id='word_1_94' title='bbox 357 1532 507 1598; x_wconf 79' lang='lat' dir='ltr'><strong>arbitror.</strong></span> <span class='ocrx_word' id='word_1_95' title='bbox 540 1531 795 1676; x_wconf 49' lang='lat' dir='ltr'><strong>Etpgrrtiilqiiqur</strong></span> <span class='ocrx_word' id='word_1_96' title='bbox 808 1533 910 1611; x_wconf 90' lang='lat' dir='ltr'><strong>poscis</strong></span> <span class='ocrx_word' id='word_1_97' title='bbox 926 1550 1035 1594; x_wconf 81' lang='lat' dir='ltr'><strong>meam</strong></span> <span class='ocrx_word' id='word_1_98' title='bbox 1050 1551 1130 1615; x_wconf 83' lang='lat' dir='ltr'><strong>gna·</strong></span> 
     </span>
     <span class='ocr_line' id='line_1_14' title="bbox 65 1695 1130 1795; baseline 0.001 -35"><span class='ocrx_word' id='word_1_99' title='bbox 65 1699 138 1762; x_wconf 78' lang='lat' dir='ltr'><strong>Mn·</strong></span> <span class='ocrx_word' id='word_1_100' title='bbox 160 1698 207 1762; x_wconf 89' lang='lat' dir='ltr'><strong>Ut</strong></span> <span class='ocrx_word' id='word_1_101' title='bbox 229 1711 360 1780; x_wconf 91' lang='lat' dir='ltr'><strong>propter</strong></span> <span class='ocrx_word' id='word_1_102' title='bbox 380 1717 433 1759; x_wconf 89' lang='lat' dir='ltr'><strong>me</strong></span> <span class='ocrx_word' id='word_1_103' title='bbox 454 1698 516 1759; x_wconf 87' lang='lat' dir='ltr'><strong>tibi</strong></span> <span class='ocrx_word' id='word_1_104' title='bbox 532 1701 573 1786; x_wconf 84' lang='lat' dir='ltr'><strong>sit</strong></span> <span class='ocrx_word' id='word_1_105' title='bbox 585 1696 716 1769; x_wconf 91' lang='lat' dir='ltr'><strong>melius,</strong></span> <span class='ocrx_word' id='word_1_106' title='bbox 731 1695 878 1777; x_wconf 86' lang='lat' dir='ltr'><strong>mihique</strong></span> <span class='ocrx_word' id='word_1_107' title='bbox 893 1711 1024 1795; x_wconf 76' lang='lat' dir='ltr'><strong>propter</strong></span> <span class='ocrx_word' id='word_1_108' title='bbox 1043 1712 1076 1759; x_wconf 85' lang='lat' dir='ltr'><strong>te</strong></span> <span class='ocrx_word' id='word_1_109' title='bbox 1097 1711 1130 1761; x_wconf 85' lang='lat' dir='ltr'><strong>et</strong></span> 
     </span>
     <span class='ocr_line' id='line_1_15' title="bbox 142 1794 1046 1841; baseline 0.002 -2"><span class='ocrx_word' id='word_1_110' title='bbox 142 1817 146 1820; x_wconf 36' lang='lat' dir='ltr'>v</span> <span class='ocrx_word' id='word_1_111' title='bbox 586 1794 668 1841; x_wconf 85' lang='lat' dir='ltr'><strong>tuos.</strong></span> <span class='ocrx_word' id='word_1_112' title='bbox 1021 1795 1046 1841; x_wconf 92' lang='lat' dir='ltr'><strong>t.</strong></span> 
     </span>
     <span class='ocr_line' id='line_1_16' title="bbox 66 1802 1129 1947; baseline 0.001 -24"><span class='ocrx_word' id='word_1_113' title='bbox 66 1860 125 1925; x_wconf 86' lang='lat' dir='ltr'><strong>Eu.</strong></span> <span class='ocrx_word' id='word_1_114' title='bbox 150 1862 250 1924; x_wconf 83' lang='lat' dir='ltr'><strong>Venit</strong></span> <span class='ocrx_word' id='word_1_115' title='bbox 271 1863 334 1926; x_wconf 86' lang='lat' dir='ltr'><strong>hoc</strong></span> <span class='ocrx_word' id='word_1_116' title='bbox 352 1863 448 1936; x_wconf 89' lang='lat' dir='ltr'><strong>mihi,</strong></span> <span class='ocrx_word' id='word_1_117' title='bbox 471 1860 648 1947; x_wconf 81' lang='lat' dir='ltr'><strong>Megadore</strong></span> <span class='ocrx_word' id='word_1_118' title='bbox 668 1865 704 1922; x_wconf 88' lang='lat' dir='ltr'><strong>in</strong></span> <span class='ocrx_word' id='word_1_119' title='bbox 724 1874 886 1936; x_wconf 80' lang='lat' dir='ltr'><strong>mentem,</strong></span> <span class='ocrx_word' id='word_1_120' title='bbox 910 1865 964 1925; x_wconf 90' lang='lat' dir='ltr'><strong>ted</strong></span> <span class='ocrx_word' id='word_1_121' title='bbox 977 1802 1051 1924; x_wconf 77' lang='lat' dir='ltr'><strong>1esse</strong></span> <span class='ocrx_word' id='word_1_122' title='bbox 1071 1861 1129 1924; x_wconf 88' lang='lat' dir='ltr'><strong>ho-</strong></span> 
     </span>
     <span class='ocr_line' id='line_1_17' title="bbox 74 1946 1058 2015; baseline -0.005 -7"><span class='ocrx_word' id='word_1_123' title='bbox 74 2001 77 2008; x_wconf 31' lang='lat'><strong>,</strong></span> <span class='ocrx_word' id='word_1_124' title='bbox 133 1975 136 1982; x_wconf 52' lang='lat'>¹</span> <span class='ocrx_word' id='word_1_125' title='bbox 333 1973 336 1986; x_wconf 88' lang='lat'><strong>·</strong></span> <span class='ocrx_word' id='word_1_126' title='bbox 550 1999 554 2006; x_wconf 89' lang='lat'>.</span> <span class='ocrx_word' id='word_1_127' title='bbox 585 1946 711 2008; x_wconf 87' lang='lat' dir='ltr'><strong>minem</strong></span> <span class='ocrx_word' id='word_1_128' title='bbox 733 1946 882 2015; x_wconf 88' lang='lat' dir='ltr'><strong>divitem,</strong></span> <span class='ocrx_word' id='word_1_129' title='bbox 966 1959 988 2007; x_wconf 89' lang='lat' dir='ltr'><strong>t.</strong></span> <span class='ocrx_word' id='word_1_130' title='bbox 998 1958 1058 2008; x_wconf 79' lang='lat' dir='ltr'><strong>t.c.</strong></span> 
     </span>
     <span class='ocr_line' id='line_1_18' title="bbox 67 2026 1132 2109; baseline 0.002 -18"><span class='ocrx_word' id='word_1_131' title='bbox 67 2028 274 2100; x_wconf 80' lang='lat' dir='ltr'><strong>Factioeum3</strong></span> <span class='ocrx_word' id='word_1_132' title='bbox 308 2048 378 2092; x_wconf 70' lang='lat' dir='ltr'><strong>ine⁴</strong></span> <span class='ocrx_word' id='word_1_133' title='bbox 391 2030 473 2090; x_wconf 83' lang='lat' dir='ltr'><strong>item</strong></span> <span class='ocrx_word' id='word_1_134' title='bbox 499 2047 567 2090; x_wconf 84' lang='lat' dir='ltr'><strong>esse</strong></span> <span class='ocrx_word' id='word_1_135' title='bbox 592 2026 778 2088; x_wconf 88' lang='lat' dir='ltr'><strong>hominem.</strong></span> <span class='ocrx_word' id='word_1_136' title='bbox 791 2047 970 2107; x_wconf 84' lang='lat' dir='ltr'><strong>pauperum</strong></span> <span class='ocrx_word' id='word_1_137' title='bbox 997 2041 1132 2109; x_wconf 71' lang='lat' dir='ltr'><strong>pauper·</strong></span> 
     </span>
     <span class='ocr_line' id='line_1_19' title="bbox 582 2130 735 2172; baseline -0.02 0"><span class='ocrx_word' id='word_1_138' title='bbox 582 2130 735 2172; x_wconf 80' lang='lat' dir='ltr'><strong>numum:</strong></span> 
     </span>
    </p>

    <p class='ocr_par' dir='ltr' id='par_1_3' title="bbox 52 2192 1135 2419">
     <span class='ocr_line' id='line_1_20' title="bbox 52 2192 1132 2273; baseline -0.006 -11"><span class='ocrx_word' id='word_1_139' title='bbox 52 2198 167 2262; x_wconf 78' lang='lat' dir='ltr'><strong>,Nunc</strong></span> <span class='ocrx_word' id='word_1_140' title='bbox 189 2196 215 2256; x_wconf 88' lang='lat' dir='ltr'><strong>si</strong></span> <span class='ocrx_word' id='word_1_141' title='bbox 228 2192 332 2258; x_wconf 84' lang='lat' dir='ltr'><strong>filiam</strong></span> <span class='ocrx_word' id='word_1_142' title='bbox 346 2193 494 2258; x_wconf 87' lang='lat' dir='ltr'><strong>locassim</strong></span> <span class='ocrx_word' id='word_1_143' title='bbox 513 2212 622 2272; x_wconf 85' lang='lat' dir='ltr'><strong>meam</strong></span> <span class='ocrx_word' id='word_1_144' title='bbox 635 2193 707 2266; x_wconf 88' lang='lat' dir='ltr'><strong>tibi,</strong></span> <span class='ocrx_word' id='word_1_145' title='bbox 728 2195 764 2253; x_wconf 89' lang='lat' dir='ltr'><strong>in</strong></span> <span class='ocrx_word' id='word_1_146' title='bbox 778 2207 924 2254; x_wconf 88' lang='lat' dir='ltr'><strong>mentem</strong></span> <span class='ocrx_word' id='word_1_147' title='bbox 938 2195 1038 2266; x_wconf 83' lang='lat' dir='ltr'><strong>venit,</strong></span> <span class='ocrx_word' id='word_1_148' title='bbox 1073 2207 1132 2273; x_wconf 79' lang='lat'><strong>185</strong></span> 
     </span>
     <span class='ocr_line' id='line_1_21' title="bbox 68 2275 1135 2373; baseline 0 -35"><span class='ocrx_word' id='word_1_149' title='bbox 68 2276 115 2340; x_wconf 85' lang='lat' dir='ltr'><strong>Te</strong></span> <span class='ocrx_word' id='word_1_150' title='bbox 136 2279 258 2340; x_wconf 87' lang='lat' dir='ltr'><strong>bovem</strong></span> <span class='ocrx_word' id='word_1_151' title='bbox 285 2296 371 2348; x_wconf 81' lang='lat' dir='ltr'><strong>esee,</strong></span> <span class='ocrx_word' id='word_1_152' title='bbox 404 2290 437 2337; x_wconf 89' lang='lat' dir='ltr'><strong>et</strong></span> <span class='ocrx_word' id='word_1_153' title='bbox 456 2278 532 2339; x_wconf 88' lang='lat' dir='ltr'><strong>med</strong></span> <span class='ocrx_word' id='word_1_154' title='bbox 551 2276 710 2373; x_wconf 60' lang='lat' dir='ltr'><strong>areilumr¹</strong></span> <span class='ocrx_word' id='word_1_155' title='bbox 732 2275 791 2335; x_wconf 87' lang='lat' dir='ltr'><strong>ubi</strong></span> <span class='ocrx_word' id='word_1_156' title='bbox 809 2287 920 2336; x_wconf 86' lang='lat' dir='ltr'><strong>tecum</strong></span> <span class='ocrx_word' id='word_1_157' title='bbox 940 2276 1135 2351; x_wconf 76' lang='lat' dir='ltr'><strong>conjunctus</strong></span> 
     </span>
     <span class='ocr_line' id='line_1_22' title="bbox 518 2379 683 2419; baseline -0.012 0"><span class='ocrx_word' id='word_1_158' title='bbox 518 2391 522 2400; x_wconf 44' lang='grc' dir='ltr'><em>ι</em></span> <span class='ocrx_word' id='word_1_159' title='bbox 583 2379 683 2419; x_wconf 81' lang='lat' dir='ltr'><strong>nem:</strong></span> 
     </span>
    </p>

    <p class='ocr_par' dir='ltr' id='par_1_4' title="bbox 67 2439 1134 3269">
     <span class='ocr_line' id='line_1_23' title="bbox 67 2439 1129 2522; baseline -0.007 -14"><span class='ocrx_word' id='word_1_160' title='bbox 67 2443 131 2508; x_wconf 83' lang='lat' dir='ltr'><strong>Ubi</strong></span> <span class='ocrx_word' id='word_1_161' title='bbox 149 2463 231 2504; x_wconf 86' lang='lat' dir='ltr'><strong>onus</strong></span> <span class='ocrx_word' id='word_1_162' title='bbox 246 2460 409 2521; x_wconf 85' lang='lat' dir='ltr'><strong>nequeam</strong></span> <span class='ocrx_word' id='word_1_163' title='bbox 421 2440 506 2502; x_wconf 82' lang='lat' dir='ltr'><strong>ferre</strong></span> <span class='ocrx_word' id='word_1_164' title='bbox 519 2441 781 2522; x_wconf 67' lang='lat' dir='ltr'><strong>paritenjaceem</strong></span> <span class='ocrx_word' id='word_1_165' title='bbox 791 2439 977 2521; x_wconf 81' lang='lat' dir='ltr'><strong>ego‘asinue</strong></span> <span class='ocrx_word' id='word_1_166' title='bbox 993 2441 1129 2513; x_wconf 80' lang='lat' dir='ltr'><strong>inlnt03</strong></span> 
     </span>
     <span class='ocr_line' id='line_1_24' title="bbox 68 2523 1131 2619; baseline 0 -31"><span class='ocrx_word' id='word_1_167' title='bbox 68 2525 120 2588; x_wconf 92' lang='lat' dir='ltr'><strong>Tu</strong></span> <span class='ocrx_word' id='word_1_168' title='bbox 144 2546 200 2588; x_wconf 89' lang='lat' dir='ltr'><strong>me</strong></span> <span class='ocrx_word' id='word_1_169' title='bbox 220 2526 278 2587; x_wconf 89' lang='lat' dir='ltr'><strong>boe</strong></span> <span class='ocrx_word' id='word_1_170' title='bbox 298 2525 400 2605; x_wconf 80' lang='lat' dir='ltr'><strong>magis</strong></span> <span class='ocrx_word' id='word_1_171' title='bbox 420 2523 508 2588; x_wconf 87' lang='lat' dir='ltr'><strong>haud</strong></span> <span class='ocrx_word' id='word_1_172' title='bbox 527 2525 694 2619; x_wconf 73' lang='lat' dir='ltr'><strong>respicias,</strong></span> <span class='ocrx_word' id='word_1_173' title='bbox 717 2536 832 2604; x_wconf 84' lang='lat' dir='ltr'><strong>gnatus</strong></span> <span class='ocrx_word' id='word_1_174' title='bbox 854 2523 944 2601; x_wconf 84' lang='lat' dir='ltr'><strong>quasi</strong></span> <span class='ocrx_word' id='word_1_175' title='bbox 963 2542 1131 2608; x_wconf 85' lang='lat' dir='ltr'><strong>nunquam</strong></span> 
     </span>
     <span class='ocr_line' id='line_1_25' title="bbox 67 2627 1112 2768; baseline -0.001 -17"><span class='ocrx_word' id='word_1_176' title='bbox 67 2690 109 2756; x_wconf 87' lang='lat' dir='ltr'><strong>Et</strong></span> <span class='ocrx_word' id='word_1_177' title='bbox 128 2687 189 2752; x_wconf 86' lang='lat' dir='ltr'><strong>ted</strong></span> <span class='ocrx_word' id='word_1_178' title='bbox 208 2702 281 2750; x_wconf 89' lang='lat' dir='ltr'><strong>utar</strong></span> <span class='ocrx_word' id='word_1_179' title='bbox 300 2687 471 2768; x_wconf 86' lang='lat' dir='ltr'><strong>iniquiore,</strong></span> <span class='ocrx_word' id='word_1_180' title='bbox 492 2703 525 2751; x_wconf 83' lang='lat' dir='ltr'><strong>et</strong></span> <span class='ocrx_word' id='word_1_181' title='bbox 544 2627 732 2751; x_wconf 58' lang='lat' dir='ltr'><strong>mgieemn’red</strong></span> <span class='ocrx_word' id='word_1_182' title='bbox 752 2688 830 2750; x_wconf 91' lang='lat' dir='ltr'><strong>ordo</strong></span> <span class='ocrx_word' id='word_1_183' title='bbox 849 2688 1008 2760; x_wconf 79' lang='lat' dir='ltr'><strong>imideat3</strong></span> <span class='ocrx_word' id='word_1_184' title='bbox 1111 2687 1112 2692; x_wconf 71' lang='grc'>’</span> 
     </span>
     <span class='ocr_line' id='line_1_26' title="bbox 68 2768 1132 2854; baseline 0.005 -22"><span class='ocrx_word' id='word_1_185' title='bbox 68 2768 377 2833; x_wconf 84' lang='lat' dir='ltr'><strong>Neutrubihabeam</strong></span> <span class='ocrx_word' id='word_1_186' title='bbox 393 2772 508 2833; x_wconf 87' lang='lat' dir='ltr'><strong>stabile</strong></span> <span class='ocrx_word' id='word_1_187' title='bbox 523 2773 699 2844; x_wconf 82' lang='lat' dir='ltr'><strong>stabulum,</strong></span> <span class='ocrx_word' id='word_1_188' title='bbox 709 2771 817 2851; x_wconf 84' lang='lat' dir='ltr'><strong>siquid</strong></span> <span class='ocrx_word' id='word_1_189' title='bbox 833 2771 948 2833; x_wconf 78' lang='lat' dir='ltr'><strong>divorti</strong></span> <span class='ocrx_word' id='word_1_190' title='bbox 961 2774 1049 2833; x_wconf 76' lang='lat' dir='ltr'><strong>fnatz</strong></span> <span class='ocrx_word' id='word_1_191' title='bbox 1074 2794 1132 2854; x_wconf 84' lang='lat'><strong>19⁰</strong></span> 
     </span>
     <span class='ocr_line' id='line_1_27' title="bbox 68 2852 1111 2928; baseline 0 -13"><span class='ocrx_word' id='word_1_192' title='bbox 68 2855 163 2918; x_wconf 80' lang='lat' dir='ltr'><strong>Asini</strong></span> <span class='ocrx_word' id='word_1_193' title='bbox 181 2874 237 2918; x_wconf 88' lang='lat' dir='ltr'><strong>me</strong></span> <span class='ocrx_word' id='word_1_194' title='bbox 254 2853 447 2916; x_wconf 84' lang='lat' dir='ltr'><strong>mordicibus</strong></span> <span class='ocrx_word' id='word_1_195' title='bbox 468 2856 625 2928; x_wconf 85' lang='lat' dir='ltr'><strong>scindent,</strong></span> <span class='ocrx_word' id='word_1_196' title='bbox 647 2852 800 2916; x_wconf 87' lang='lat' dir='ltr'><strong>cornibus</strong></span> <span class='ocrx_word' id='word_1_197' title='bbox 818 2856 984 2918; x_wconf 83' lang='lat' dir='ltr'><strong>incursent</strong></span> <span class='ocrx_word' id='word_1_198' title='bbox 1005 2855 1111 2917; x_wconf 82' lang='lat' dir='ltr'><strong>boves.</strong></span> 
     </span>
     <span class='ocr_line' id='line_1_28' title="bbox 67 2936 1133 3081; baseline 0.003 -83"><span class='ocrx_word' id='word_1_199' title='bbox 67 2937 139 2999; x_wconf 91' lang='lat' dir='ltr'><strong>Hoc</strong></span> <span class='ocrx_word' id='word_1_200' title='bbox 172 2955 331 3019; x_wconf 79' lang='lat' dir='ltr'><strong>magnum</strong></span> <span class='ocrx_word' id='word_1_201' title='bbox 352 2950 400 2998; x_wconf 87' lang='lat' dir='ltr'><strong>est</strong></span> <span class='ocrx_word' id='word_1_202' title='bbox 421 2939 587 3019; x_wconf 87' lang='lat' dir='ltr'><strong>periclum,</strong></span> <span class='ocrx_word' id='word_1_203' title='bbox 608 2938 764 3081; x_wconf 74' lang='lat' dir='ltr'><strong>abdasinis</strong></span> <span class='ocrx_word' id='word_1_204' title='bbox 781 2956 835 2998; x_wconf 89' lang='lat' dir='ltr'><strong>me</strong></span> <span class='ocrx_word' id='word_1_205' title='bbox 856 2939 897 2999; x_wconf 88' lang='lat' dir='ltr'><strong>ad</strong></span> <span class='ocrx_word' id='word_1_206' title='bbox 918 2936 1015 2999; x_wconf 89' lang='lat' dir='ltr'><strong>boves</strong></span> <span class='ocrx_word' id='word_1_207' title='bbox 1031 2953 1133 3001; x_wconf 84' lang='lat' dir='ltr'><strong>trans·</strong></span> 
     </span>
     <span class='ocr_line' id='line_1_29' title="bbox 69 3040 1134 3185; baseline 0.005 -24"><span class='ocrx_word' id='word_1_208' title='bbox 69 3097 140 3163; x_wconf 84' lang='lat' dir='ltr'><strong>Mn.</strong></span> <span class='ocrx_word' id='word_1_209' title='bbox 167 3099 273 3179; x_wconf 89' lang='lat' dir='ltr'><strong>Quam</strong></span> <span class='ocrx_word' id='word_1_210' title='bbox 287 3101 327 3161; x_wconf 90' lang='lat' dir='ltr'><strong>ad</strong></span> <span class='ocrx_word' id='word_1_211' title='bbox 340 3103 455 3183; x_wconf 86' lang='lat' dir='ltr'><strong>probos</strong></span> <span class='ocrx_word' id='word_1_212' title='bbox 467 3040 724 3185; x_wconf 52' lang='lat' dir='ltr'><strong>proprngiitaiie</strong></span> <span class='ocrx_word' id='word_1_213' title='bbox 719 3063 875 3183; x_wconf 76' lang='lat' dir='ltr'><strong>proxume</strong></span> <span class='ocrx_word' id='word_1_214' title='bbox 891 3115 924 3165; x_wconf 81' lang='lat' dir='ltr'><strong>to</strong></span> <span class='ocrx_word' id='word_1_215' title='bbox 939 3104 1134 3179; x_wconf 83' lang='lat' dir='ltr'><strong>adjunxeris,</strong></span> 
     </span>
     <span class='ocr_line' id='line_1_30' title="bbox 69 3184 1133 3269; baseline 0.002 -23"><span class='ocrx_word' id='word_1_216' title='bbox 69 3184 155 3247; x_wconf 87' lang='lat' dir='ltr'><strong>Tam</strong></span> <span class='ocrx_word' id='word_1_217' title='bbox 187 3197 360 3263; x_wconf 89' lang='lat' dir='ltr'><strong>optumum</strong></span> <span class='ocrx_word' id='word_1_218' title='bbox 380 3197 443 3251; x_wconf 53' lang='lat' dir='ltr'><strong>est(</strong></span> <span class='ocrx_word' id='word_1_219' title='bbox 475 3186 528 3248; x_wconf 88' lang='lat' dir='ltr'><strong>Tu</strong></span> <span class='ocrx_word' id='word_1_220' title='bbox 556 3186 776 3248; x_wconf 87' lang='lat' dir='ltr'><strong>conditionem</strong></span> <span class='ocrx_word' id='word_1_221' title='bbox 792 3187 888 3247; x_wconf 79' lang='lat' dir='ltr'><strong>,hanc</strong></span> <span class='ocrx_word' id='word_1_222' title='bbox 915 3188 1023 3269; x_wconf 85' lang='lat' dir='ltr'><strong>accipe</strong></span> <span class='ocrx_word' id='word_1_223' title='bbox 1044 3184 1133 3266; x_wconf 86' lang='lat' dir='ltr'><strong>(aue-</strong></span> 
     </span>
    </p>

    <p class='ocr_par' dir='ltr' id='par_1_5' title="bbox 70 3266 1137 3931">
     <span class='ocr_line' id='line_1_31' title="bbox 461 3266 869 3348; baseline -0.005 -18"><span class='ocrx_word' id='word_1_224' title='bbox 461 3333 467 3342; x_wconf 68' lang='grc'>,</span> <span class='ocrx_word' id='word_1_225' title='bbox 590 3269 678 3330; x_wconf 88' lang='lat' dir='ltr'><strong>culta</strong></span> <span class='ocrx_word' id='word_1_226' title='bbox 699 3266 812 3348; x_wconf 87' lang='lat' dir='ltr'><strong>mihi),</strong></span> <span class='ocrx_word' id='word_1_227' title='bbox 864 3333 869 3346; x_wconf 49' lang='grc'><em>,</em></span> 
     </span>
     <span class='ocr_line' id='line_1_32' title="bbox 70 3349 1137 3431; baseline 0 -19"><span class='ocrx_word' id='word_1_228' title='bbox 70 3353 179 3431; x_wconf 77' lang='lat' dir='ltr'><strong>Atque</strong></span> <span class='ocrx_word' id='word_1_229' title='bbox 200 3368 273 3411; x_wconf 85' lang='lat' dir='ltr'><strong>eam</strong></span> <span class='ocrx_word' id='word_1_230' title='bbox 293 3349 453 3431; x_wconf 80' lang='lat' dir='ltr'><strong>desponde</strong></span> <span class='ocrx_word' id='word_1_231' title='bbox 474 3354 529 3415; x_wconf 88' lang='lat' dir='ltr'><strong>mi.</strong></span> <span class='ocrx_word' id='word_1_232' title='bbox 565 3352 626 3414; x_wconf 83' lang='lat' dir='ltr'><strong>En.</strong></span> <span class='ocrx_word' id='word_1_233' title='bbox 650 3354 694 3412; x_wconf 80' lang='lat' dir='ltr'><strong>At</strong></span> <span class='ocrx_word' id='word_1_234' title='bbox 715 3354 764 3414; x_wconf 87' lang='lat' dir='ltr'><strong>nil</strong></span> <span class='ocrx_word' id='word_1_235' title='bbox 784 3365 831 3412; x_wconf 89' lang='lat' dir='ltr'><strong>est</strong></span> <span class='ocrx_word' id='word_1_236' title='bbox 845 3351 926 3412; x_wconf 86' lang='lat' dir='ltr'><strong>dotis</strong></span> <span class='ocrx_word' id='word_1_237' title='bbox 942 3352 1026 3431; x_wconf 88' lang='lat' dir='ltr'><strong>quod</strong></span> <span class='ocrx_word' id='word_1_238' title='bbox 1047 3350 1137 3414; x_wconf 85' lang='lat' dir='ltr'><strong>dem.¹</strong></span> 
     </span>
     <span class='ocr_line' id='line_1_33' title="bbox 574 3433 1134 3510; baseline -0.007 -12"><span class='ocrx_word' id='word_1_239' title='bbox 574 3436 643 3498; x_wconf 81' lang='lat' dir='ltr'><strong>Mn.</strong></span> <span class='ocrx_word' id='word_1_240' title='bbox 665 3435 823 3506; x_wconf 82' lang='lat' dir='ltr'><strong>Nednas:</strong></span> <span class='ocrx_word' id='word_1_241' title='bbox 847 3433 1032 3498; x_wconf 78' lang='lat' dir='ltr'><strong>as.t.d.i.d.</strong></span> <span class='ocrx_word' id='word_1_242' title='bbox 1076 3451 1134 3510; x_wconf 84' lang='lat'><strong>195</strong></span> 
     </span>
     <span class='ocr_line' id='line_1_34' title="bbox 71 3513 1051 3590; baseline 0.008 -17"><span class='ocrx_word' id='word_1_243' title='bbox 71 3513 259 3576; x_wconf 87' lang='lat' dir='ltr'><strong>Dummodo</strong></span> <span class='ocrx_word' id='word_1_244' title='bbox 273 3531 396 3578; x_wconf 87' lang='lat' dir='ltr'><strong>morata</strong></span> <span class='ocrx_word' id='word_1_245' title='bbox 409 3531 495 3578; x_wconf 85' lang='lat' dir='ltr'><strong>recte</strong></span> <span class='ocrx_word' id='word_1_246' title='bbox 510 3519 626 3590; x_wconf 88' lang='lat' dir='ltr'><strong>veniat,</strong></span> <span class='ocrx_word' id='word_1_247' title='bbox 642 3519 751 3579; x_wconf 87' lang='lat' dir='ltr'><strong>dotata</strong></span> <span class='ocrx_word' id='word_1_248' title='bbox 768 3532 816 3579; x_wconf 88' lang='lat' dir='ltr'><strong>est</strong></span> <span class='ocrx_word' id='word_1_249' title='bbox 831 3522 917 3580; x_wconf 86' lang='lat' dir='ltr'><strong>satis.</strong></span> <span class='ocrx_word' id='word_1_250' title='bbox 957 3531 982 3576; x_wconf 88' lang='lat' dir='ltr'><strong>t.</strong></span> <span class='ocrx_word' id='word_1_251' title='bbox 992 3528 1015 3575; x_wconf 87' lang='lat' dir='ltr'><strong>t.</strong></span> <span class='ocrx_word' id='word_1_252' title='bbox 1022 3535 1051 3580; x_wconf 76' lang='lat' dir='ltr'><strong>o.</strong></span> 
     </span>
     <span class='ocr_line' id='line_1_35' title="bbox 72 3595 1030 3682; baseline 0 -26"><span class='ocrx_word' id='word_1_253' title='bbox 72 3595 133 3660; x_wconf 84' lang='lat' dir='ltr'><strong>Eo.</strong></span> <span class='ocrx_word' id='word_1_254' title='bbox 156 3598 203 3658; x_wconf 89' lang='lat' dir='ltr'><strong>Eo</strong></span> <span class='ocrx_word' id='word_1_255' title='bbox 225 3598 308 3670; x_wconf 89' lang='lat' dir='ltr'><strong>dico,</strong></span> <span class='ocrx_word' id='word_1_256' title='bbox 329 3614 435 3660; x_wconf 92' lang='lat' dir='ltr'><strong>utne</strong></span> <span class='ocrx_word' id='word_1_257' title='bbox 455 3623 509 3662; x_wconf 89' lang='lat' dir='ltr'><strong>me</strong></span> <span class='ocrx_word' id='word_1_258' title='bbox 530 3600 695 3664; x_wconf 83' lang='lat' dir='ltr'><strong>thesauros</strong></span> <span class='ocrx_word' id='word_1_259' title='bbox 715 3602 870 3682; x_wconf 85' lang='lat' dir='ltr'><strong>reperisse</strong></span> <span class='ocrx_word' id='word_1_260' title='bbox 891 3615 1030 3670; x_wconf 84' lang='lat' dir='ltr'><strong>censeas,</strong></span> 
     </span>
     <span class='ocr_line' id='line_1_36' title="bbox 74 3674 1132 3765; baseline 0.006 -29"><span class='ocrx_word' id='word_1_261' title='bbox 74 3674 146 3743; x_wconf 82' lang='lat' dir='ltr'><strong>Mn.</strong></span> <span class='ocrx_word' id='word_1_262' title='bbox 167 3681 270 3743; x_wconf 88' lang='lat' dir='ltr'><strong>Novi:</strong></span> <span class='ocrx_word' id='word_1_263' title='bbox 285 3684 456 3745; x_wconf 88' lang='lat' dir='ltr'><strong>nedoceas.</strong></span> <span class='ocrx_word' id='word_1_264' title='bbox 472 3684 652 3765; x_wconf 83' lang='lat' dir='ltr'><strong>Desponde.</strong></span> <span class='ocrx_word' id='word_1_265' title='bbox 662 3683 722 3746; x_wconf 84' lang='lat' dir='ltr'><strong>En.</strong></span> <span class='ocrx_word' id='word_1_266' title='bbox 731 3683 756 3743; x_wconf 86' lang='lat' dir='ltr'><strong>F</strong></span> <span class='ocrx_word' id='word_1_267' title='bbox 758 3680 919 3745; x_wconf 86' lang='lat' dir='ltr'><strong>iat—Sed</strong></span> <span class='ocrx_word' id='word_1_268' title='bbox 928 3700 985 3759; x_wconf 86' lang='lat' dir='ltr'><strong>pro</strong></span> <span class='ocrx_word' id='word_1_269' title='bbox 993 3679 1132 3764; x_wconf 85' lang='lat' dir='ltr'><strong>Jupiter!</strong></span> 
     </span>
     <span class='ocr_line' id='line_1_37' title="bbox 71 3761 1135 3848; baseline 0.005 -24"><span class='ocrx_word' id='word_1_270' title='bbox 71 3762 150 3824; x_wconf 88' lang='lat' dir='ltr'><strong>Non</strong></span> <span class='ocrx_word' id='word_1_271' title='bbox 174 3782 232 3844; x_wconf 82' lang='lat' dir='ltr'><strong>ego</strong></span> <span class='ocrx_word' id='word_1_272' title='bbox 255 3763 407 3846; x_wconf 76' lang='lat' dir='ltr'><strong>disperii?</strong></span> <span class='ocrx_word' id='word_1_273' title='bbox 438 3764 613 3848; x_wconf 76' lang='lat' dir='ltr'><strong>MnQnid</strong></span> <span class='ocrx_word' id='word_1_274' title='bbox 629 3767 692 3828; x_wconf 88' lang='lat' dir='ltr'><strong>tibi</strong></span> <span class='ocrx_word' id='word_1_275' title='bbox 712 3768 781 3830; x_wconf 86' lang='lat' dir='ltr'><strong>eet?</strong></span> <span class='ocrx_word' id='word_1_276' title='bbox 808 3763 874 3825; x_wconf 84' lang='lat' dir='ltr'><strong>En.</strong></span> <span class='ocrx_word' id='word_1_277' title='bbox 890 3761 987 3842; x_wconf 48' lang='lat' dir='ltr'><strong>,Quid</strong></span> <span class='ocrx_word' id='word_1_278' title='bbox 1011 3769 1135 3848; x_wconf 87' lang='lat' dir='ltr'><strong>crepuit</strong></span> 
     </span>
     <span class='ocr_line' id='line_1_38' title="bbox 183 3843 1052 3931; baseline -0.006 -18"><span class='ocrx_word' id='word_1_279' title='bbox 183 3847 186 3854; x_wconf 74' lang='grc'>’</span> <span class='ocrx_word' id='word_1_280' title='bbox 591 3849 819 3931; x_wconf 82' lang='lat' dir='ltr'><strong>quasiferrum</strong></span> <span class='ocrx_word' id='word_1_281' title='bbox 834 3843 954 3907; x_wconf 78' lang='lat' dir='ltr'><strong>modo?</strong></span> <span class='ocrx_word' id='word_1_282' title='bbox 997 3848 1052 3911; x_wconf 86' lang='lat' dir='ltr'><strong>i.t.</strong></span> 
     </span>
    </p>
   </div>
   <div class='ocr_carea' id='block_1_3' title="bbox 142 3985 1136 4064">
    <p class='ocr_par' dir='ltr' id='par_1_6' title="bbox 142 3985 1136 4064">
     <span class='ocr_line' id='line_1_39' title="bbox 142 3985 1136 4064; baseline 0.003 -25"><span class='ocrx_word' id='word_1_283' title='bbox 142 3995 197 4055; x_wconf 85' lang='lat'><em>184.</em></span> <span class='ocrx_word' id='word_1_284' title='bbox 216 3988 263 4043; x_wconf 87' lang='lat' dir='ltr'><strong>Sic</strong></span> <span class='ocrx_word' id='word_1_285' title='bbox 278 4005 375 4044; x_wconf 87' lang='lat' dir='ltr'><strong>omnes</strong></span> <span class='ocrx_word' id='word_1_286' title='bbox 391 3990 501 4064; x_wconf 83' lang='lat' dir='ltr'><strong>scripti.</strong></span> <span class='ocrx_word' id='word_1_287' title='bbox 523 3991 574 4045; x_wconf 75' lang='lat' dir='ltr'><strong>tt:</strong></span> <span class='ocrx_word' id='word_1_288' title='bbox 592 4009 650 4043; x_wconf 82' lang='lat' dir='ltr'><strong>esse</strong></span> <span class='ocrx_word' id='word_1_289' title='bbox 667 3989 855 4041; x_wconf 85' lang='lat' dir='ltr'><strong>desideratur.</strong></span> <span class='ocrx_word' id='word_1_290' title='bbox 908 3985 963 4046; x_wconf 86' lang='lat'>186.</span> <span class='ocrx_word' id='word_1_291' title='bbox 981 3989 1031 4039; x_wconf 82' lang='lat' dir='ltr'><strong>V.:</strong></span> <span class='ocrx_word' id='word_1_292' title='bbox 1051 4004 1077 4041; x_wconf 74' lang='grc' dir='ltr'><strong>ιι</strong></span> <span class='ocrx_word' id='word_1_293' title='bbox 1094 3995 1136 4042; x_wconf 77' lang='lat' dir='ltr'><strong>me</strong></span> 
     </span>
    </p>
   </div>
   <div class='ocr_carea' id='block_1_4' title="bbox 73 4052 1224 4136">
    <p class='ocr_par' dir='ltr' id='par_1_7' title="bbox 73 4052 1224 4136">
     <span class='ocr_line' id='line_1_40' title="bbox 73 4052 1224 4136; baseline 0.005 -32"><span class='ocrx_word' id='word_1_294' title='bbox 73 4071 133 4105; x_wconf 81' lang='lat' dir='ltr'><strong>erre</strong></span> <span class='ocrx_word' id='word_1_295' title='bbox 153 4073 193 4106; x_wconf 84' lang='lat' dir='ltr'><strong>os.</strong></span> <span class='ocrx_word' id='word_1_296' title='bbox 216 4058 251 4108; x_wconf 88' lang='lat' dir='ltr'><strong>In</strong></span> <span class='ocrx_word' id='word_1_297' title='bbox 265 4057 420 4126; x_wconf 82' lang='lat' dir='ltr'><strong>Lengienie</strong></span> <span class='ocrx_word' id='word_1_298' title='bbox 443 4078 502 4111; x_wconf 75' lang='lat' dir='ltr'><strong>esse</strong></span> <span class='ocrx_word' id='word_1_299' title='bbox 524 4071 581 4110; x_wconf 86' lang='lat' dir='ltr'><strong>non</strong></span> <span class='ocrx_word' id='word_1_300' title='bbox 598 4057 759 4136; x_wconf 76' lang='lat' dir='ltr'><strong>legebatur.</strong></span> <span class='ocrx_word' id='word_1_301' title='bbox 812 4070 870 4124; x_wconf 81' lang='lat'><strong>199,</strong></span> <span class='ocrx_word' id='word_1_302' title='bbox 887 4052 957 4132; x_wconf 87' lang='lat' dir='ltr'><strong>Cod.</strong></span> <span class='ocrx_word' id='word_1_303' title='bbox 975 4055 1087 4109; x_wconf 86' lang='lat' dir='ltr'><strong>Camer.</strong></span> <span class='ocrx_word' id='word_1_304' title='bbox 1105 4068 1136 4109; x_wconf 87' lang='lat' dir='ltr'><strong>et</strong></span> <span class='ocrx_word' id='word_1_305' title='bbox 1219 4071 1224 4084; x_wconf 87' lang='lat'><strong>·</strong></span> 
     </span>
    </p>
   </div>
   <div class='ocr_carea' id='block_1_5' title="bbox 71 4118 664 4195">
    <p class='ocr_par' dir='ltr' id='par_1_8' title="bbox 71 4118 664 4195">
     <span class='ocr_line' id='line_1_41' title="bbox 71 4118 664 4195; baseline 0.01 -23"><span class='ocrx_word' id='word_1_306' title='bbox 71 4118 141 4175; x_wconf 67' lang='lat' dir='ltr'><strong>Pel:</strong></span> <span class='ocrx_word' id='word_1_307' title='bbox 152 4136 177 4188; x_wconf 71' lang='lat'><strong>3.</strong></span> <span class='ocrx_word' id='word_1_308' title='bbox 211 4124 289 4191; x_wconf 82' lang='lat' dir='ltr'><strong>Nun,</strong></span> <span class='ocrx_word' id='word_1_309' title='bbox 304 4124 414 4193; x_wconf 78' lang='lat' dir='ltr'><strong>Lengg.</strong></span> <span class='ocrx_word' id='word_1_310' title='bbox 432 4126 508 4179; x_wconf 85' lang='lat' dir='ltr'><strong>Num</strong></span> <span class='ocrx_word' id='word_1_311' title='bbox 526 4144 575 4195; x_wconf 78' lang='lat' dir='ltr'><strong>ego</strong></span> <span class='ocrx_word' id='word_1_312' title='bbox 593 4127 664 4195; x_wconf 75' lang='lat' dir='ltr'><strong>disp.</strong></span> 
     </span>
    </p>
   </div>
   <div class='ocr_carea' id='block_1_6' title="bbox 0 0 1376 4659">
    <p class='ocr_par' dir='ltr' id='par_1_9' title="bbox 0 0 1376 4659">
     <span class='ocr_line' id='line_1_42' title="bbox 0 0 1376 4659; baseline 0 0"><span class='ocrx_word' id='word_1_313' title='bbox 0 0 1376 4659; x_wconf 95' lang='lat' dir='ltr'><strong> </strong></span> 
     </span>
    </p>
   </div>
  </div>
 </body>
</html>
