2725 4659
247 277 324 368 564
588 265 643 337 ru
691 269 734 337 s.
780 266 963 340 essum

246 447 429 510 Tarentum
449 446 557 508 evexit
579 463 688 506 secum
709 443 750 505 ad
770 460 952 510 mercatum
974 449 1095 530 simu13

247 532 353 595 lllum
372 529 505 609 reliquit
526 529 665 589 alterum
686 529 770 609 apud
790 544 931 592 matrem
953 532 1054 597 domi.

244 613 378 676 Tarenti
398 612 482 674 forte
502 610 573 672 ludi
593 623 697 681 erant,
719 631 816 691 quom
835 611 913 672 illuc
934 616 1042 685 venit;

244 694 399 757 Mortales
420 695 528 768 multi,
550 706 588 753 ut
609 691 649 753 ad
668 692 771 763 ludos,
793 709 1031 757 convenerant:

243 783 332 847 Puer
352 778 511 839 aberravit
530 776 617 836 inter
637 772 786 836 homines
806 795 825 835 a
845 791 945 857 patre.

242 861 502 943 Epidamniensis
522 858 719 939 quidamibi
738 860 900 926 mereator
920 860 1002 940 fuit3

242 943 275 1006 Is
295 960 433 1025 puerum
446 940 540 1001 tollit
559 938 736 1018 avehitque
754 939 996 1019 Epidamnium.

242 1030 339 1092 Pater
358 1025 428 1100 ejus
447 1035 559 1098 autem
578 1034 748 1101 postquam
769 1043 907 1100 puerum
927 1024 1083 1103 perdidit:

241 1111 401 1171 Animum
421 1105 612 1185 despondit3
634 1123 735 1184 eaque
757 1107 783 1167 is
804 1106 1005 1188 aegritudine

241 1192 356 1259 Paucis
377 1190 489 1250 diebus
508 1200 580 1268 post
600 1183 735 1247 Tarenti
755 1202 961 1251 ecmortuost.

240 1274 417 1355 Postquam
438 1271 605 1352 Syracusas
626 1269 665 1329 de
687 1288 724 1329 ea
744 1291 778 1331 re
802 1274 936 1332 nuntius

240 1356 341 1418 Redit
361 1354 402 1416 ad
422 1373 526 1425 avom,
547 1371 724 1435 puerorum
744 1353 933 1433 subreptum
953 1352 1097 1418 alterum

242 1435 450 1516 [Patremque
470 1438 565 1516 pueri
585 1431 719 1495 Tarenti
741 1456 807 1496 esse
830 1433 1039 1514 emortuomJ:
1126 1441 1128 1444 ’

240 1523 389 1582 Inmutat
409 1538 529 1578 nomen
549 1517 626 1578 huic
647 1537 721 1577 avos
742 1520 872 1600 gemino
894 1518 1006 1577 alteri:

240 1604 291 1665 Ita
311 1603 416 1661 illunc
438 1600 565 1676 dilexit,
588 1601 644 1677 qui
665 1600 858 1679 subreptum,
879 1600 1037 1666 alterumt

179 1750 188 1763 .
239 1686 334 1748 Illius
356 1702 478 1744 nomen
497 1681 580 1743 indit
600 1681 664 1755 illi,
686 1684 744 1761 qui
764 1683 851 1743 domi
871 1696 931 1752 est,
1045 1692 1048 1698 '

239 1765 456 1829 Menaechmo
477 1765 569 1835 item,
591 1764 675 1845 quod
697 1759 792 1838 alteri
811 1783 932 1826 nomen
951 1764 1028 1840 fuit,
1078 1759 1080 1766 ’
1114 1781 1117 1786 ‘

237 1853 281 1915 Et
301 1853 387 1931 ipsus
408 1847 522 1910 eodem
543 1860 589 1906 est
610 1866 679 1907 avos
700 1861 831 1908 vocatus
852 1847 998 1913 nomine.

237 1935 410 2013 Propterea
429 1930 520 1990 illius
539 1947 662 1992 nomen
683 1931 820 1989 memini
838 1931 976 2006 facilius,

239 2018 325 2098 Quia
345 2014 448 2076 illunc
469 2012 609 2073 clamore
631 2012 698 2072 vidi
718 2012 907 2093 flagitarier,
1255 2029 1288 2100 ὅ

235 2099 289 2180 Ne
308 2116 387 2158 mox
408 2096 529 2165 erretis,
550 2094 615 2168 jam
634 2113 722 2154 nuno
743 2094 889 2174 praedico
910 2096 1014 2175 priusr

235 2181 328 2243 Idem
349 2191 396 2240 est
417 2176 570 2238 ambobus
593 2196 715 2237 nomen
736 2178 874 2257 geminis
892 2177 1055 2239 fratribus.
1134 2249 1136 2252 ¹

235 2266 334 2327 Nunc
354 2263 390 2323 in
410 2259 629 2341 Epidamnum
648 2258 782 2340 pedibus
801 2259 1003 2321 redeundum
1025 2275 1074 2324 est
1093 2262 1199 2330 mihi:
1263 2285 1267 2294 ’

234 2346 281 2407 Ut
301 2345 385 2405 hauc
405 2364 477 2405 rem
497 2342 584 2403 vobis
605 2344 800 2402 examussim
821 2342 991 2423 disputem.

235 2428 271 2489 Si
292 2428 361 2508 quis
383 2425 461 2505 quid
482 2437 625 2486 vostrum
645 2424 868 2499 Epidamnum
888 2428 992 2487 curari
1012 2427 1073 2490 sibi
1252 2447 1291 2518 50

234 2511 335 2572 Velit:
358 2510 385 2569 is
406 2506 555 2567 audacter
574 2506 730 2587 imperato
752 2521 785 2566 et
806 2506 923 2586 dicit03
959 2571 962 2578 ,
1136 2517 1138 2526 ’

235 2592 299 2653 Sed
317 2592 364 2651 ita
385 2604 421 2651 ut
442 2588 507 2660 det,
529 2588 616 2649 unde
637 2590 743 2648 curari
762 2587 795 2649 id
808 2590 906 2668 possit
925 2589 1003 2652 sibi:

233 2676 322 2737 Nam
341 2673 403 2733 nisi
424 2673 479 2752 qui
499 2685 671 2754 argentum
693 2671 827 2739 dederit,
848 2690 950 2755 nugas
971 2675 1095 2757 egerit,

234 2759 301 2836 Qui
322 2754 459 2826 dederit,
479 2773 574 2835 mage
595 2754 734 2827 majores
754 2771 856 2835 nugas
876 2756 989 2836 egerit.

233 2842 357 2901 Verum
379 2837 459 2898 illuc
480 2836 576 2897 redeo
593 2836 678 2897 unde
694 2835 770 2906 abii,
786 2835 889 2917 adque
908 2855 972 2896 uno
992 2840 1083 2902 adsto
1099 2842 1136 2904 in
1150 2829 1292 2936 locon’g

231 2920 492 3003 Epidamniensis
512 2917 591 2988 illic,
614 2936 712 2998 quem
732 2915 856 2978 dudum
877 2917 1034 2996 dixeram,

232 3006 412 3067 Geminum
432 3002 532 3062 illum
552 3020 690 3075 puerum
711 3001 766 3079 qui
787 3000 947 3078 subripuit
966 3003 1122 3081 alterum,

229 3086 270 3148 Ei
291 3087 479 3155 liberorum,
499 3085 563 3144 nisi
585 3083 729 3146 divitiae,
749 3081 834 3141 nihil
854 3095 939 3143 erat:

229 3170 371 3248 Adoptat
391 3169 494 3229 illunc
516 3185 656 3246 puerum
677 3164 906 3244 subreptitium
1070 3224 1074 3231 ,

229 3253 298 3313 Sibi
319 3252 438 3324 filium,
459 3253 553 3329 eique
574 3267 712 3307 uxorem
733 3247 875 3307 dotatam
900 3248 1000 3328 dedit,
1072 3239 1076 3246 ’
1251 3251 1289 3324 0

228 3338 380 3414 Eumque
401 3331 553 3393 heredem
574 3330 670 3400 fecit,
694 3349 792 3406 quom
814 3333 881 3409 ipse
902 3333 980 3393 obiit
1003 3333 1111 3396 diem:
1231 3337 1235 3346 '

228 3420 314 3480 Nam
336 3436 391 3476 rus
412 3411 651 3480 usitatione,
673 3424 710 3469 ut
730 3412 872 3471 multum
894 3413 1066 3490 pluverat,'

227 3498 392 3581 Ingressus
413 3496 553 3557 fluvium
574 3492 723 3572 rapidum
744 3495 784 3552 ab
804 3494 884 3553 urbe
904 3495 991 3557 haud
1011 3497 1166 3582 longules
1207 3513 1212 3524 '
1266 3527 1274 3542 ·

227 3582 372 3660 Rapidus
393 3579 516 3660 raptori
536 3578 628 3657 pueri
648 3576 803 3637 subduxit
824 3574 930 3657 pedes,

138 3717 144 3728 .
227 3663 455 3744 Abstraxitque
476 3659 644 3720 hominem
664 3660 702 3719 in
722 3675 912 3720 maxumam
931 3661 1054 3725 malam
1069 3661 1229 3732 ornem*
1245 3667 1287 3746 8

228 3743 314 3818 Illo
335 3745 389 3807 illi
409 3742 541 3803 divitiae
561 3750 740 3802 evenerunt
760 3759 944 3805 maxumae.
999 3825 1002 3830 .
1267 3793 1272 3808 .

294 3893 337 3946 37,
354 3885 395 3946 38.
413 3873 519 3927 Putide
535 3872 603 3925 libri
620 3879 650 3924 et
665 3867 792 3943 ἆμέτρωςς
1183 3913 1189 3922 .
1223 3843 1292 3946 Ta...]

349 3950 499 4015 Postquam
519 3948 672 4014 Syracusas
688 3950 722 3997 ele
734 3947 768 3998 're
786 3967 819 4014 eo
836 3956 933 4019 (setta
951 3969 983 4004 es
1001 3959 1042 4022 rs)
1060 3955 1288 4014 manum

351 4016 392 4064 Ad
410 4031 487 4064 avom
502 4029 653 4082 puerorum,
669 4032 781 4082 puerum
798 4018 954 4088 subreptum
973 4017 1098 4075 alterum.
1202 4057 1206 4066 .
1230 4035 1238 4070 s
1262 4027 1295 4068 ,q

225 4086 268 4138 ει.
285 4081 333 4133 va
351 4096 440 4147 quam.
1127 4119 1132 4134 .
1186 4121 1192 4134 .
1216 4135 1220 4144 Ι
1237 4093 1295 4146 ,ψ’
