2725 4659
241 239 313 324 eie
582 240 637 311 M.
689 243 734 313 A.
782 241 969 314 PLAUTI

239 428 375 490 Utinam
390 438 425 487 te
440 423 474 489 di
485 425 574 506 prius
590 420 774 504 perderent,
793 439 891 501 quam
905 424 1032 503 periisti
1045 444 1063 485 e
1078 427 1182 505 patria
1199 436 1271 501 tua,

238 512 494 590 Aristophontes,
504 507 608 587 quiex
617 516 727 586 parata
736 524 807 565 rem
815 506 995 586 inparatam
1003 509 1305 590 omnemfacis!465
1345 509 1346 528 .

240 587 1302 671 Occisaestbaecres,nisireperioatrocemmialiquamastutiam.
1345 617 1346 620 ¹

239 678 281 740 H.
304 675 452 751 Sequere.
472 671 560 733 Hem
574 670 635 732 tibi
656 667 842 730 hominem!
865 668 918 729 adi
939 686 1034 754 atque
1056 672 1239 752 adloquere.

541 752 580 818 T.
605 753 687 833 Quis
700 750 799 812 homo
815 764 862 814 est
875 769 930 815 me
944 755 1117 816 bominum
1134 759 1299 819 miserior?

239 843 279 903 A.
303 838 391 918 Quid
410 838 494 898 istuc
515 848 581 909 est,
609 833 695 917 quod
711 850 799 894 meos
826 849 861 896 te
890 835 997 899 dicam
1016 838 1157 920 fugitare
1190 840 1298 911 oculos,

758 915 924 997 Tyndaro.
1151 918 1154 922 ’

240 1006 367 1085 Proque
394 1006 507 1086 ignoto
532 1021 587 1064 me
609 999 826 1097 adspernari,
842 1003 933 1142 quasi
964 1021 1019 1065 ane
1052 1022 1223 1083 nunquam
1245 1025 1294 1065 no·

333 1137 335 1144 ,
552 1135 555 1144 ,
759 1102 843 1144 vens
1020 1137 1022 1144 .
1149 1100 1242 1151 t.t.c.

240 1170 477 1251 Equidemtam
486 1187 558 1231 sum
567 1178 843 1247 servos,quamtu‚
853 1167 912 1228 etsi
921 1166 1294 1250 egodomiliberfui4qo
1346 1167 1347 1242 ξ

240 1254 295 1315 Τιι
315 1272 416 1332 usque
444 1272 464 1313 a
483 1269 583 1332 puero
604 1251 794 1311 servitutem
816 1252 974 1312 servivisti
993 1252 1030 1309 in
1049 1250 1155 1311 Alide.
1346 1253 1347 1260 ’

239 1337 282 1398 Η.
302 1335 428 1414 Edepol
448 1337 550 1395 miror
569 1335 729 1402 minume,
745 1332 773 1391 is
795 1332 823 1394 si
835 1345 868 1392 te
883 1332 1004 1414 fugitat
1023 1347 1078 1393 aut
1097 1336 1207 1397 oculos
1219 1349 1294 1406 tuos,

241 1423 307 1480 Aut
323 1419 350 1475 si
363 1430 395 1476 te
408 1415 486 1487 odit,
506 1417 563 1493 qui
577 1417 676 1476 istum
682 1413 825 1494 adpelles
840 1414 1031 1495 Tyndarum
1044 1433 1103 1496 pro
1113 1416 1297 1481 Philocrate.

240 1501 281 1561 T.
302 1498 421 1579 Hegio,
434 1497 489 1559 bic
507 1499 606 1558 homo
619 1495 764 1557 rabiosus
783 1496 911 1558 habitus
933 1512 980 1558 est
1000 1501 1037 1559 in
1056 1498 1168 1559 Alide:

240 1584 293 1645 Ne
314 1595 370 1654 tu,
391 1581 464 1640 istic
486 1581 573 1658 quod
592 1579 774 1651 fabuletur,
795 1582 879 1642 auris
895 1582 1041 1641 inmittas
1060 1594 1150 1642 tuus:
1242 1599 1297 1662 475

240 1666 328 1726 Nem
355 1664 428 1722 istic
456 1661 555 1723 hastis
576 1664 754 1722 insectatus
781 1675 828 1724 est
848 1663 936 1723 domi
956 1676 1097 1726 matrem
1118 1677 1150 1724 et
1170 1678 1297 1746 patrem,
1347 1715 1348 1754 q

240 1744 285 1805 Et
305 1743 374 1805 illio
393 1744 466 1815 isti,
489 1746 544 1822 qui
566 1756 723 1825 sputatur,
743 1745 874 1808 morbus
894 1745 1062 1807 interdum
1083 1748 1184 1810 venit.
1211 1753 1260 1811 i.t.
1347 1773 1348 1792 ι

240 1830 351 1898 Proin'
372 1841 409 1888 tu
429 1826 469 1888 ab
489 1828 569 1888 istoc
588 1827 704 1908 procul
716 1827 860 1888 recedas!
904 1827 945 1888 H.
968 1827 1062 1888 Ultro
1077 1831 1179 1891 istum
1199 1834 1295 1892 anre!

987 1914 1027 1973 A.
1049 1913 1138 1982 Ain',
1163 1915 1294 1985 verbero,

242 1991 301 2053 Me
316 1991 492 2065 rabiosum,
508 2005 604 2074 atque
618 1994 815 2054 insectatum
837 2013 904 2055 esse
927 1993 1026 2055 hastis
1047 2014 1162 2055 meum
1181 2017 1296 2068 memo·

758 2096 810 2137 ras
831 2090 968 2155 patrem,
1139 2093 1163 2138 t.
1181 2093 1205 2156 t.
1220 2100 1245 2141 c.

243 2158 287 2219 Et
297 2178 373 2218 eum
383 2159 535 2219 morbum
547 2162 594 2220 nri
604 2178 681 2231 esse,
691 2170 729 2219 ut
744 2161 799 2239 qui
807 2178 860 2218 me
867 2179 946 2238 opus
955 2161 996 2220 sit
1008 2161 1224 2242 insputarier?
1243 2172 1296 2240 48⁰

243 2242 285 2303 H.
306 2243 358 2302 Ne
375 2262 502 2306 verere:
524 2243 645 2302 multos
662 2243 725 2301 iste
744 2241 876 2301 morbus
890 2241 1039 2303 homines
1052 2258 1204 2317 macerat,

246 2325 371 2406 Quibus
392 2326 549 2405 insputari
570 2324 751 2402 salutifuit
771 2334 866 2401 atque
886 2324 952 2385 illis
972 2324 1105 2403 profuit.

244 2411 282 2470 A.
306 2406 395 2487 Quid
405 2420 444 2467 tu
454 2408 586 2467 autem?
602 2405 923 2466 etiamhuicoredis?
945 2406 987 2465 H.
1002 2406 1090 2485 Quid
1104 2429 1163 2491 ego
1180 2411 1300 2473 credam

345 2481 350 2504 ⁸
762 2486 862 2554 huic?
900 2489 937 2553 A.
952 2489 1108 2551 Insanum
1124 2511 1194 2552 esse
1208 2515 1269 2557 me.
1348 2549 1349 2564 ,

245 2571 284 2634 Τ.
306 2569 421 2630 Viden'
441 2583 480 2630 tu
499 2569 589 2631 hunc
606 2590 704 2649 quam
717 2571 853 2631 inimico
875 2573 964 2632 voltu
980 2573 1144 2634 intuitur?
1165 2576 1300 2638 Contedi
1348 2585 1349 2594 ’

145 2725 150 2734 1
764 2665 936 2733 optumum
958 2668 1017 2726 est,
1181 2662 1205 2719 i.
1219 2673 1242 2721 t.

170 2743 173 2752 ’
246 2735 369 2816 Hegio:
386 2733 435 2804 fit,
443 2735 595 2815 quodtibi
603 2733 690 2796 dixi:
705 2734 936 2815 gliscitrabies:
952 2754 1030 2798 cave
1039 2737 1116 2797 tibi!
1132 2752 1224 2802 t.t.c.
1244 2752 1300 2821 485

246 2818 288 2882 H.
312 2816 443 2877 Credidi
458 2835 524 2878 esse
536 2819 688 2878 insanum
708 2817 883 2959 extqmplo,
908 2818 966 2878 ubi
979 2832 1012 2879 te
1030 2821 1201 2900 adpellavit
1221 2824 1304 2908 Tyn·

787 2918 890 2963 arum.
965 2917 966 2920 ’

246 2983 285 3044 Τ.
310 2983 399 3062 Quin
419 3000 513 3064 suom
532 2982 601 3062 ipse
621 2981 788 3044 interdum
807 2984 935 3065 ignorat
954 3003 1092 3061 nomen,
1114 3007 1219 3071 neque
1241 2994 1306 3065 seit,

786 3068 821 3126 ui
841 3066 912 3128 siet.

247 3148 289 3208 H.
305 3148 348 3207 At
357 3147 457 3208 etiam
470 3159 502 3206 te
511 3167 601 3209 suom
610 3149 752 3211 sodalem
761 3085 828 3209 bisse
843 3147 940 3211 aibat.
961 3149 998 3210 T.
1005 3150 1102 3212 Haud
1110 3154 1176 3215 vidi
1188 3159 1303 3241 magis!

247 3230 410 3310 Equidem
423 3229 590 3292 Alcmaeus
607 3245 703 3312 atque
718 3230 846 3293 Orestes
861 3243 893 3292 et
903 3231 1076 3318 vLycurgus
1090 3251 1202 3317 postea

313 3404 373 3473 465.
386 3407 419 3458 V.
432 3425 468 3459 re.
491 3408 605 3460 Voss.B
623 3415 654 3459 et
668 3405 713 3459 ed.
733 3406 973 3474 Tarvis.u.1482.:
989 3419 1088 3488 parata
1104 3415 1305 3484 revimparasm
1348 3405 1349 3408 Ἴ

180 3557 182 3562 1
246 3471 1060 3607 ruoturuuueretusque:
1076 3483 1306 3607 'usuro

248 3605 355 3675 Guelb,
373 3606 445 3659 item
461 3607 562 3659 Leidd.
579 3609 603 3659 A
620 3616 650 3659 et
667 3607 705 3659 C:
725 3609 800 3671 issi,
819 3622 888 3659 cunr
904 3607 974 3660 alibi
988 3626 1149 3677 pronomen
1166 3613 1303 3669 desidere·

248 3682 305 3726 tur.
355 3684 415 3738 432.
437 3677 527 3732 Vett:
552 3674 611 3740 his,
625 3676 680 3738 eis,
700 3674 751 3738 iis,
769 3681 823 3725 etc.
851 3674 899 3729 V.t
917 3676 998 3740 Aliis,
1016 3677 1243 3750 Tyndaroqueg

246 3747 372 3793 streniae
388 3755 471 3792 voces
492 3741 579 3804 hujus
595 3738 729 3791 versiculi
744 3739 922 3794 tribuuntur.
955 3740 1086 3795 sednon
1107 3747 1150 3798 sie
1173 3749 1197 3799 B

247 3806 298 3873 qui
312 3804 398 3874 legit:
423 3821 504 3875 atque
527 3809 587 3857 iliis
607 3808 723 3873 profuit.
756 3808 819 3858 Hoc
836 3810 930 3859 verius
947 3818 1034 3877 puto,
1058 3826 1147 3878 quum
1162 3815 1242 3883 quod
1256 3813 1308 3870 ab·

246 3872 409 3988 quandum
432 3881 560 3925 mentem
577 3874 658 3925 veuit
672 3872 837 3940 ponendum
853 3889 922 3939 esse,
941 3878 1008 3926 ibus.
1042 3876 1109 3929 Non
1133 3882 1226 3935 semel
1239 3875 1307 3938 eb!-

263 3954 312 3990 usa
327 3937 544 3991 haecvoeabula
554 3938 684 3991 inlibris.
717 3948 775 4004 485.
788 3940 961 3993 ItaHelmst.
969 3942 1305 4007 Monac.,Junt.A1d.v.e

142 4063 144 4068 .
247 4004 298 4055 tibi
316 4023 365 4070 ego
383 4006 457 4070 diei,
481 4005 671 4058 minus‘beno
694 4013 842 4058 contracto
865 4010 982 4062 nomine
999 4010 1147 4078 Hegionis.
1179 4022 1239 4084 489.
1260 4014 1306 4068 ἃ
1348 4069 1349 4074 ,

248 4078 305 4122 vet.
312 4069 375 4122 eod.
382 4070 462 4123 Casu.
472 4072 656 4141 etLeugiani,
663 4072 854 4142 similiterque
866 4073 926 4127 elii.
942 4074 991 4130 V..:
1005 4078 1041 4128 Et
1051 4079 1305 4145 quidemntcm.
