2725 4659
203 315 267 365 xtt
390 290 635 365 SYLLABUS
688 289 916 360 CODICUM
965 292 1068 416 MSS.

199 512 231 571 4.
259 493 462 558 Monacensis
482 490 584 552 codex
599 487 743 563 ejusdem
763 488 887 549 formae
901 490 1173 562 membranaceus,
1194 493 1262 573 qui,

259 596 396 637 numero
417 593 487 652 412.
511 572 708 641 destinctus,
737 571 874 633 habetur
895 574 930 632 in
951 573 1148 633 bibliotheca
1177 595 1261 634 sere·

260 660 385 719 nissimi
411 658 507 738 Regis
527 655 698 725 navariae,
729 657 856 715 minuta
877 655 933 716 ille
955 658 1111 735 scriptura
1132 658 1262 738 elegan-

261 744 386 816 tissima
399 752 557 811 exaratus,
578 756 637 797 nec
658 738 708 796 vel
728 751 833 798 aetate
853 738 903 798 vel
924 734 1065 801 bonitate
1083 739 1262 800 lectionum

262 825 394 895 ceteris,
425 842 501 901 quos
530 820 701 896 usurpavi,
729 821 891 880 codicibus
914 821 1065 890 inferior;
1103 844 1199 901 quem
1220 824 1260 881 li-

259 909 368 980 brum,
389 905 563 978 editoribus
584 902 803 978 Plautiltaud
825 903 983 970 notiorem
1005 904 1261 985 Guelferbytano

260 1004 358 1070 atque
384 985 653 1056 Helmstt'diensi,
688 985 774 1060 jussu
802 984 917 1042 nobilis
948 987 1073 1041 Aretini
1103 987 1263 1048 utendum

260 1075 351 1135 nobis
378 1073 467 1133 dedit
493 1072 650 1131 litterator
671 1068 870 1128 doctissimus
891 1063 1123 1133 Berolinensis‚
1154 1070 1261 1132 Julius

259 1156 424 1221 Erdninns
447 1154 599 1226 Kocln'us,
614 1171 727 1211 mense
744 1147 848 1225 Aprili
873 1155 979 1215 1808·;
1001 1163 1063 1225 quo
1084 1147 1153 1207 fere
1173 1166 1260 1213 tem·

260 1238 574 1319 poreretiarnduo,
594 1251 672 1309 quos
694 1230 792 1287 modo
819 1228 1006 1296 nominavi,
1035 1229 1160 1288 codices
1189 1254 1261 1294 evo-
1347 1245 1348 1272 ³

259 1323 325 1381 luti
345 1321 466 1378 anobis
482 1330 574 1383 sunt3
597 1313 761 1373 Palatinus
777 1323 887 1371 autem
909 1323 941 1370 et
959 1312 1126 1387 praeteriti
1147 1332 1260 1375 mense

258 1400 437 1464 Novembri
458 1412 491 1457 et
510 1396 624 1470 hujus,
655 1395 712 1473 qui
732 1412 821 1460 nunc
843 1394 1003 1463 volvitur,
1034 1395 1111 1451 anni
1140 1400 1261 1457 mensi·
1346 1434 1348 1478 p

258 1486 317 1544 bus
339 1479 425 1554 Majo
453 1492 548 1558 atque
575 1475 691 1546 iunio,
721 1490 889 1555 postquam
916 1476 1073 1536 librorum
1094 1472 1184 1539 MSS.
1214 1481 1261 1540 bi·
1347 1497 1348 1539 t

205 1587 225 1620 ·:
254 1564 438 1626 ⁴bliutlseoaa
453 1558 738 1639 Heidelbergensis'
755 1563 850 1617 usum
871 1559 1083 1618 domesticum
1098 1577 1260 1638 conoesse;
1347 1557 1348 1598 ³

201 1669 227 1690 ··¹
258 1661 330 1707 rant
352 1643 464 1717 nobis,
494 1659 555 1722 qua
577 1655 651 1700 sunt
672 1640 893 1721 benignitate,
915 1642 1049 1702 illustris
1067 1641 1263 1706 Badensium

199 1764 208 1772 -
257 1727 447 1791 Archiducis
466 1724 662 1795 consiliarii,
684 1724 804 1803 quibus
822 1724 971 1803 profectu
991 1723 1151 1784 bonarum
1171 1727 1260 1787 litte.

198 2077 233 2133 t?

200 2159 241 2196 rr.

140 2237 142 2242 ’
199 2223 388 2314 latissime
410 2237 546 2313 scriptus
567 2231 795 2311 eleganterque
824 2230 917 2307 pictis
946 2215 1115 2289 sdenarum
1142 2230 1263 2294 litteris
1347 2261 1348 2264 ¹

201 2320 236 2336 διν

200 2347 235 2361 ..ι

200 2408 210 2444 1

161 1853 164 1858 <
201 1835 227 1860 ·=
258 1830 370 1882 rarum
390 1808 475 1870 nibil
494 1821 542 1868 est
562 1808 736 1889 antiquius
826 1841 828 1846 ·

132 1903 249 1946 ‘'s.

561 1945 620 2016 H.
667 1933 811 2029 Terentii
832 1942 929 2010 codd.
983 1931 987 1939 ¹
1098 1987 1100 1994 s
1142 1927 1146 1936 ⁴
1197 1991 1199 2002 .

255 2067 480 2130 Berolinens'e‘s
495 2072 579 2136 tres,
601 2040 724 2145 Regios*
739 2066 825 2122 inter
844 2063 949 2123 libros'
963 2063 1117 2133 custoditi
1134 2071 1260 2138 ¹amites.

255 2153 408 2230 Quorum
427 2153 548 2234 primns
574 2149 611 2207 in
631 2149 828 2206 membranis
855 2147 1018 2205 maximae
1038 2147 1161 2207 formae
1177 2152 1263 2209 niti·

258 2311 440 2380 initialibus
467 2327 656 2382 exornatus,
686 2313 769 2371 sicut
799 2313 897 2371 etiam
925 2311 1024 2370 codex
1052 2310 1170 2382 horum
1196 2328 1263 2375 ter.

257 2387 352 2470 tius,
376 2391 556 2484 ἐπιγραφὴν
589 2395 688 2455 habet
723 2396 759 2454 in
793 2394 954 2454 exteriore
982 2391 1162 2465 volumine,
1188 2396 1264 2477 ¹‘'qua

256 2482 421 2567 ἐπιγραφῇ
441 2483 481 2540 ad
495 2480 645 2541 'seculum
671 2496 718 2553 15.
741 2479 891 2547 refertur,
913 2497 991 2536 cunr
1010 2477 1183 2557 scripturae
1200 2495 1263 2559 ge.

258 2575 320 2630 nus
336 2563 665 2623 'consideranti-olim
682 2560 765 2628 milri
794 2555 941 2619 ducentis
971 2560 1147 2620 minimum
1169 2563 1265 2630 annis

203 2673 208 2679 ·
238 2648 422 2708 tenderem
450 2647 631 2727 antiquior3
660 2642 745 2701 liber
772 2642 856 2700 bene
882 2655 1085 2701 conservatus
1114 2635 1263 2725 dignissi-

259 2739 397 2811 musque
418 2727 597 2799 nobilium,
619 2725 734 2805 quiqui
755 2724 909 2791 luerunt,
938 2729 1262 2804 compossessorem,
1346 2787 1347 2792 ,

257 2825 298 2872 nt
316 2811 373 2892 qui
393 2829 473 2870 cum·
490 2814 631 2887 optimae
652 2819 748 2865 notae
768 2806 859 2874 libris
872 2806 1077 2870 Terentianis
1098 2806 1165 2868 fere
1187 2819 1265 2872 con·

202 2907 224 2923 *¹
260 2885 400 2978 sentiens
432 2893 588 2974 nonnulla
609 2890 707 2949 etiarn
728 2891 791 2968 ipsi·
819 2893 947 2969 propria
969 2889 1133 2978 ostendens,
1163 2893 1264 2955 inter·

255 2969 552 3060 pretationibusque
573 2979 664 3033 inter·
679 2992 790 3031 versus
810 2985 842 3030 et
862 2972 898 3030 in
914 2973 1062 3054 margine
1078 2976 1265 3055 perscriptis

202 3069 221 3102 ³¹
240 3079 327 3120 ‘non
347 3051 588 3137 inelegantlbr'is
607 3056 697 3131 juret
718 3055 882 3116 lectorem,
927 3054 1019 3114 Alter
1037 3054 1156 3114 horum
1177 3061 1265 3121 codi-

203 3165 225 3180 ··
240 3160 243 3170 ·
260 3159 337 3203 cum
359 3141 493 3220 Georgii
514 3139 655 3204 Fabricii
677 3138 755 3198 olim
774 3139 859 3211 fuit,
883 3138 964 3197 alius
985 3151 1097 3196 tamen
1117 3138 1266 3213 ejusdem

233 3247 236 3258 ⁴
260 3224 400 3286 Fabricii
424 3223 508 3284 libro
537 3242 596 3290 eo,
619 3239 683 3301 quo
709 3240 784 3282 usus
812 3233 858 3290 est
886 3219 1072 3296 Bentlejus;
1101 3226 1265 3285 recentior
1345 3211 1347 3244 l

228 3335 234 3348 ¹
260 3308 319 3368 ille
340 3305 469 3388 quidem
485 3302 841 3399 satisquetnegligenter
861 3306 896 3365 in
917 3302 1027 3363 charta
1042 3303 1174 3366 minoris
1196 3305 1264 3367 for.
1346 3293 1347 3364 i

204 3409 329 3452 ···mae
359 3389 530 3469 scriptuss
548 3395 737 3470 saepiusque
773 3405 861 3446 rasus
889 3405 925 3448 ac
954 3398 1147 3445 mutatura
1177 3389 1266 3449 mala
1346 3443 1347 3450 ,

259 3491 380 3539 manu,
411 3491 473 3532 nec
494 3477 606 3532 tamen
627 3473 794 3545 prbpterea
816 3469 906 3546 parvi
934 3468 1159 3540 aestimandus,
1188 3491 1267 3532 cum
1346 3453 1347 3498 ³

262 3545 418 3618 secundas
443 3555 551 3616 iacere
577 3552 765 3628 melioribus
791 3550 918 3613 Comici
945 3549 1135 3631 apographis
1164 3557 1266 3618 etiam

261 3640 330 3719 ipse
351 3638 469 3707 soleat,
491 3656 596 3716 neque
616 3636 751 3713 propriis
772 3646 878 3693 eareat
900 3635 982 3705 suis,
1004 3632 1118 3711 quibus
1139 3652 1269 3698 constet

261 3739 327 3781 non
356 3721 458 3803 magis
488 3737 658 3780 excussum
679 3717 784 3775 adhuc
806 3729 872 3778 esse
893 3735 992 3794 quam
1011 3729 1156 3792 ceteros,
1185 3740 1265 3799 quos

261 3805 482 3882 inspeximus,
517 3802 665 3862 Terentii
687 3800 813 3870 codices
833 3818 935 3859 mauu
962 3810 1116 3859 exaratos.
1160 3801 1267 3862 Habet

262 3899 371 3946 antem
393 3886 449 3946 hio
469 3903 593 3967 quoque
614 3884 699 3943 libor
720 3894 831 3944 notata
845 3881 1001 3962 quaedam
1023 3897 1098 3939 cum
1113 3883 1204 3943 inter
1225 3886 1267 3944 li·

209 3992 212 3998 ’
263 3987 359 4040 neas,
386 3981 458 4028 tum
485 3970 526 4027 in
547 3966 747 4047 marginibus
775 3967 982 4043 paginarum,
1012 3962 1128 4040 quibus
1148 3970 1267 4029 notatis

264 4050 446 4111 obscuriora
480 4052 546 4109 visa
575 4050 705 4109 librario
726 4047 938 4125 explicantur.
981 4043 1131 4125 Denique
1152 4052 1268 4110 tertius

265 4133 524 4196 Berolinensium
550 4130 668 4205 codex,
698 4149 872 4214 eorumque
899 4126 1013 4209 procul
1039 4126 1139 4193 dubio
1161 4145 1274 4194 veter·-
