<?xml version="1.0" encoding="UTF-8"?>
<!DOCTYPE html PUBLIC "-//W3C//DTD XHTML 1.0 Transitional//EN"
    "http://www.w3.org/TR/xhtml1/DTD/xhtml1-transitional.dtd">
<html xmlns="http://www.w3.org/1999/xhtml" xml:lang="en" lang="en">
 <head>
  <title>
</title>
<meta http-equiv="Content-Type" content="text/html;charset=utf-8" />
  <meta name='ocr-system' content='tesseract 3.04.00' />
  <meta name='ocr-capabilities' content='ocr_page ocr_carea ocr_par ocr_line ocrx_word'/>
</head>
<body>
  <div class='ocr_page' id='page_1' title='image "./mattiplauticomo00unkngoog/mattiplauticomo00unkngoog_0133.png"; bbox 0 0 2725 4659; ppageno 0'>
   <div class='ocr_carea' id='block_1_1' title="bbox 209 677 930 832">
    <p class='ocr_par' dir='ltr' id='par_1_1' title="bbox 209 677 930 832">
     <span class='ocr_line' id='line_1_1' title="bbox 209 677 930 832; baseline -0.003 -8"><span class='ocrx_word' id='word_1_1' title='bbox 209 677 930 832; x_wconf 74' lang='lat' dir='ltr'>Aaounaurun</span> 
     </span>
    </p>
   </div>
   <div class='ocr_carea' id='block_1_2' title="bbox 405 953 753 985">
    <p class='ocr_par' dir='ltr' id='par_1_2' title="bbox 405 953 753 985">
     <span class='ocr_line' id='line_1_2' title="bbox 405 953 753 985; baseline 0.003 -1"><span class='ocrx_word' id='word_1_2' title='bbox 405 953 753 985; x_wconf 35' lang='lat' dir='ltr'>-u--a-...t-ssffl.</span> 
     </span>
    </p>
   </div>
   <div class='ocr_carea' id='block_1_3' title="bbox 43 1175 1045 2461">
    <p class='ocr_par' dir='ltr' id='par_1_3' title="bbox 44 1175 1045 1385">
     <span class='ocr_line' id='line_1_3' title="bbox 44 1175 1045 1293; baseline 0.002 -13"><span class='ocrx_word' id='word_1_3' title='bbox 44 1175 177 1283; x_wconf 75' lang='lat' dir='ltr'>Seuere¹</span> <span class='ocrx_word' id='word_1_4' title='bbox 191 1239 311 1293; x_wconf 85' lang='lat' dir='ltr'>avarus,</span> <span class='ocrx_word' id='word_1_5' title='bbox 333 1219 392 1280; x_wconf 87' lang='lat' dir='ltr'>sibi</span> <span class='ocrx_word' id='word_1_6' title='bbox 414 1222 470 1282; x_wconf 83' lang='lat' dir='ltr'>vix</span> <span class='ocrx_word' id='word_1_7' title='bbox 491 1221 634 1292; x_wconf 83' lang='lat' dir='ltr'>credens,</span> <span class='ocrx_word' id='word_1_8' title='bbox 655 1217 771 1283; x_wconf 88' lang='lat' dir='ltr'>Euclio</span> <span class='ocrx_word' id='word_1_9' title='bbox 976 1223 999 1282; x_wconf 87' lang='lat' dir='ltr'>i.</span> <span class='ocrx_word' id='word_1_10' title='bbox 1021 1242 1045 1282; x_wconf 87' lang='lat' dir='ltr'>s.</span> 
     </span>
     <span class='ocr_line' id='line_1_4' title="bbox 44 1306 783 1385; baseline -0.001 -17"><span class='ocrx_word' id='word_1_11' title='bbox 44 1310 143 1370; x_wconf 86' lang='lat' dir='ltr'><strong>Domi</strong></span> <span class='ocrx_word' id='word_1_12' title='bbox 165 1306 322 1367; x_wconf 83' lang='lat' dir='ltr'>defossam</span> <span class='ocrx_word' id='word_1_13' title='bbox 343 1306 456 1385; x_wconf 80' lang='lat' dir='ltr'>opibus</span> <span class='ocrx_word' id='word_1_14' title='bbox 476 1326 554 1366; x_wconf 89' lang='lat' dir='ltr'>cum</span> <span class='ocrx_word' id='word_1_15' title='bbox 575 1306 688 1366; x_wconf 88' lang='lat' dir='ltr'>multis</span> <span class='ocrx_word' id='word_1_16' title='bbox 708 1328 783 1368; x_wconf 89' lang='lat' dir='ltr'>suae</span> 
     </span>
    </p>

    <p class='ocr_par' dir='ltr' id='par_1_4' title="bbox 43 1391 871 1637">
     <span class='ocr_line' id='line_1_5' title="bbox 43 1391 871 1470; baseline -0.001 -18"><span class='ocrx_word' id='word_1_17' title='bbox 43 1393 162 1452; x_wconf 82' lang='lat' dir='ltr'>Aulam</span> <span class='ocrx_word' id='word_1_18' title='bbox 183 1391 324 1461; x_wconf 86' lang='lat' dir='ltr'>invenit,</span> <span class='ocrx_word' id='word_1_19' title='bbox 345 1408 536 1470; x_wconf 83' lang='lat' dir='ltr'>rursumque</span> <span class='ocrx_word' id='word_1_20' title='bbox 556 1392 685 1468; x_wconf 86' lang='lat' dir='ltr'>penitus</span> <span class='ocrx_word' id='word_1_21' title='bbox 706 1391 871 1456; x_wconf 86' lang='lat' dir='ltr'>conditam</span> 
     </span>
     <span class='ocr_line' id='line_1_6' title="bbox 45 1471 871 1554; baseline 0 -20"><span class='ocrx_word' id='word_1_22' title='bbox 45 1475 233 1554; x_wconf 80' lang='lat' dir='ltr'>Exanguis,</span> <span class='ocrx_word' id='word_1_23' title='bbox 255 1491 367 1532; x_wconf 89' lang='lat' dir='ltr'>amens</span> <span class='ocrx_word' id='word_1_24' title='bbox 388 1486 501 1532; x_wconf 83' lang='lat' dir='ltr'>servat.</span> <span class='ocrx_word' id='word_1_25' title='bbox 543 1472 620 1545; x_wconf 87' lang='lat' dir='ltr'>Ejus</span> <span class='ocrx_word' id='word_1_26' title='bbox 641 1471 752 1534; x_wconf 79' lang='lat' dir='ltr'>tiliam·</span> <span class='ocrx_word' id='word_1_27' title='bbox 866 1471 871 1483; x_wconf 87' lang='lat'><em>&#39;</em></span> 
     </span>
     <span class='ocr_line' id='line_1_7' title="bbox 44 1554 681 1637; baseline -0.006 -20"><span class='ocrx_word' id='word_1_28' title='bbox 44 1557 220 1637; x_wconf 84' lang='lat' dir='ltr'>Lyconides</span> <span class='ocrx_word' id='word_1_29' title='bbox 240 1556 374 1615; x_wconf 79' lang='lat' dir='ltr'>vitiaret.</span> <span class='ocrx_word' id='word_1_30' title='bbox 419 1554 543 1616; x_wconf 84' lang='lat' dir='ltr'>[nterea</span> <span class='ocrx_word' id='word_1_31' title='bbox 563 1573 681 1615; x_wconf 70' lang='lat' dir='ltr'>senex:</span> 
     </span>
    </p>

    <p class='ocr_par' dir='ltr' id='par_1_5' title="bbox 45 1633 697 1722">
     <span class='ocr_line' id='line_1_8' title="bbox 45 1633 697 1722; baseline -0.005 -22"><span class='ocrx_word' id='word_1_32' title='bbox 45 1638 258 1722; x_wconf 82' lang='lat' dir='ltr'>Megadorus,</span> <span class='ocrx_word' id='word_1_33' title='bbox 280 1655 298 1695; x_wconf 86' lang='lat' dir='ltr'>a</span> <span class='ocrx_word' id='word_1_34' title='bbox 319 1657 425 1698; x_wconf 85' lang='lat' dir='ltr'>sorore</span> <span class='ocrx_word' id='word_1_35' title='bbox 447 1657 554 1698; x_wconf 79' lang='lat' dir='ltr'>suasus</span> <span class='ocrx_word' id='word_1_36' title='bbox 581 1633 697 1700; x_wconf 82' lang='lat' dir='ltr'>ducere</span> 
     </span>
    </p>

    <p class='ocr_par' dir='ltr' id='par_1_6' title="bbox 44 1715 725 1801">
     <span class='ocr_line' id='line_1_9' title="bbox 44 1715 725 1801; baseline 0 -19"><span class='ocrx_word' id='word_1_37' title='bbox 44 1722 210 1789; x_wconf 83' lang='lat' dir='ltr'>Uxorem,</span> <span class='ocrx_word' id='word_1_38' title='bbox 232 1720 321 1780; x_wconf 88' lang='lat' dir='ltr'>avari</span> <span class='ocrx_word' id='word_1_39' title='bbox 341 1734 472 1801; x_wconf 81' lang='lat' dir='ltr'>gnatam</span> <span class='ocrx_word' id='word_1_40' title='bbox 492 1715 636 1801; x_wconf 74' lang='lat' dir='ltr'>deposcit</span> <span class='ocrx_word' id='word_1_41' title='bbox 655 1720 725 1782; x_wconf 90' lang='lat' dir='ltr'>sibi.</span> 
     </span>
    </p>

    <p class='ocr_par' dir='ltr' id='par_1_7' title="bbox 44 1797 932 2052">
     <span class='ocr_line' id='line_1_10' title="bbox 44 1797 932 1882; baseline 0.002 -19"><span class='ocrx_word' id='word_1_42' title='bbox 44 1802 151 1866; x_wconf 84' lang='lat' dir='ltr'>Senex</span> <span class='ocrx_word' id='word_1_43' title='bbox 174 1802 274 1862; x_wconf 88' lang='lat' dir='ltr'>durus</span> <span class='ocrx_word' id='word_1_44' title='bbox 295 1804 351 1861; x_wconf 82' lang='lat' dir='ltr'>vix</span> <span class='ocrx_word' id='word_1_45' title='bbox 372 1805 542 1882; x_wconf 86' lang='lat' dir='ltr'>promittit,</span> <span class='ocrx_word' id='word_1_46' title='bbox 564 1814 670 1881; x_wconf 85' lang='lat' dir='ltr'>atque,</span> <span class='ocrx_word' id='word_1_47' title='bbox 692 1804 783 1865; x_wconf 87' lang='lat' dir='ltr'>aulae</span> <span class='ocrx_word' id='word_1_48' title='bbox 804 1797 932 1876; x_wconf 76' lang='lat' dir='ltr'>timens,</span> 
     </span>
     <span class='ocr_line' id='line_1_11' title="bbox 46 1884 779 1961; baseline -0.001 -14"><span class='ocrx_word' id='word_1_49' title='bbox 46 1888 156 1949; x_wconf 89' lang='lat' dir='ltr'>Domo</span> <span class='ocrx_word' id='word_1_50' title='bbox 178 1885 338 1945; x_wconf 84' lang='lat' dir='ltr'>sublatam</span> <span class='ocrx_word' id='word_1_51' title='bbox 362 1887 455 1947; x_wconf 85' lang='lat' dir='ltr'>variis</span> <span class='ocrx_word' id='word_1_52' title='bbox 476 1884 634 1961; x_wconf 70' lang='lat' dir='ltr'>abstrudit</span> <span class='ocrx_word' id='word_1_53' title='bbox 654 1887 740 1951; x_wconf 76' lang='lat' dir='ltr'>locis.</span> <span class='ocrx_word' id='word_1_54' title='bbox 777 1950 779 1954; x_wconf 70' lang='grc'>,</span> 
     </span>
     <span class='ocr_line' id='line_1_12' title="bbox 48 1966 736 2052; baseline 0 -23"><span class='ocrx_word' id='word_1_55' title='bbox 48 1970 185 2030; x_wconf 83' lang='lat' dir='ltr'>Insidias</span> <span class='ocrx_word' id='word_1_56' title='bbox 208 1986 314 2027; x_wconf 86' lang='lat' dir='ltr'>servus</span> <span class='ocrx_word' id='word_1_57' title='bbox 335 1966 429 2043; x_wconf 81' lang='lat' dir='ltr'>hujus</span> <span class='ocrx_word' id='word_1_58' title='bbox 450 1967 736 2052; x_wconf 61' lang='lat' dir='ltr'>lacitLyconidis,</span> 
     </span>
    </p>

    <p class='ocr_par' dir='ltr' id='par_1_8' title="bbox 47 2052 843 2461">
     <span class='ocr_line' id='line_1_13' title="bbox 48 2052 827 2133; baseline 0 -21"><span class='ocrx_word' id='word_1_59' title='bbox 48 2053 111 2132; x_wconf 87' lang='lat' dir='ltr'>Qui</span> <span class='ocrx_word' id='word_1_60' title='bbox 135 2054 298 2133; x_wconf 80' lang='lat' dir='ltr'>virginem</span> <span class='ocrx_word' id='word_1_61' title='bbox 319 2052 460 2120; x_wconf 60' lang='lat' dir='ltr'>vitiatam</span> <span class='ocrx_word' id='word_1_62' title='bbox 481 2053 578 2130; x_wconf 77' lang='lat' dir='ltr'>atque</span> <span class='ocrx_word' id='word_1_63' title='bbox 596 2054 663 2129; x_wconf 77' lang='lat' dir='ltr'>ipse</span> <span class='ocrx_word' id='word_1_64' title='bbox 686 2052 827 2112; x_wconf 74' lang='lat' dir='ltr'>obsecrat</span> 
     </span>
     <span class='ocr_line' id='line_1_14' title="bbox 47 2130 774 2215; baseline 0 -19"><span class='ocrx_word' id='word_1_65' title='bbox 47 2134 258 2196; x_wconf 84' lang='lat' dir='ltr'>Avunculum</span> <span class='ocrx_word' id='word_1_66' title='bbox 278 2130 491 2215; x_wconf 84' lang='lat' dir='ltr'>Megadorum</span> <span class='ocrx_word' id='word_1_67' title='bbox 511 2133 641 2194; x_wconf 82' lang='lat' dir='ltr'>sibimet</span> <span class='ocrx_word' id='word_1_68' title='bbox 661 2134 774 2195; x_wconf 68' lang='lat' dir='ltr'>cedere</span> 
     </span>
     <span class='ocr_line' id='line_1_15' title="bbox 49 2216 825 2280; baseline 0.001 -4"><span class='ocrx_word' id='word_1_69' title='bbox 49 2217 198 2278; x_wconf 76' lang='lat' dir='ltr'>Uxorem</span> <span class='ocrx_word' id='word_1_70' title='bbox 219 2217 351 2278; x_wconf 87' lang='lat' dir='ltr'>amanti.</span> <span class='ocrx_word' id='word_1_71' title='bbox 394 2219 455 2277; x_wconf 91' lang='lat' dir='ltr'>Per</span> <span class='ocrx_word' id='word_1_72' title='bbox 477 2216 588 2280; x_wconf 83' lang='lat' dir='ltr'>dolum</span> <span class='ocrx_word' id='word_1_73' title='bbox 610 2235 688 2275; x_wconf 74' lang='lat' dir='ltr'>mam</span> <span class='ocrx_word' id='word_1_74' title='bbox 709 2216 825 2277; x_wconf 85' lang='lat' dir='ltr'>Euclio</span> 
     </span>
     <span class='ocr_line' id='line_1_16' title="bbox 51 2289 843 2382; baseline -0.004 -20"><span class='ocrx_word' id='word_1_75' title='bbox 51 2301 167 2379; x_wconf 90' lang='lat' dir='ltr'>Quum</span> <span class='ocrx_word' id='word_1_76' title='bbox 188 2289 374 2378; x_wconf 69' lang='lat' dir='ltr'>perdidisset</span> <span class='ocrx_word' id='word_1_77' title='bbox 394 2299 502 2359; x_wconf 90' lang='lat' dir='ltr'>aulam</span> <span class='ocrx_word' id='word_1_78' title='bbox 523 2295 685 2382; x_wconf 82' lang='lat' dir='ltr'>insperato</span> <span class='ocrx_word' id='word_1_79' title='bbox 705 2301 843 2374; x_wconf 86' lang='lat' dir='ltr'>invenit,</span> 
     </span>
     <span class='ocr_line' id='line_1_17' title="bbox 47 2379 709 2461; baseline -0.008 -18"><span class='ocrx_word' id='word_1_80' title='bbox 47 2383 232 2461; x_wconf 85' lang='lat' dir='ltr'>Laetusque</span> <span class='ocrx_word' id='word_1_81' title='bbox 254 2393 365 2443; x_wconf 89' lang='lat' dir='ltr'>natam</span> <span class='ocrx_word' id='word_1_82' title='bbox 385 2379 709 2461; x_wconf 71' lang='lat' dir='ltr'>collocatLy&#39;cunidi.</span> 
     </span>
    </p>
   </div>
   <div class='ocr_carea' id='block_1_4' title="bbox 245 2656 926 2780">
    <p class='ocr_par' dir='ltr' id='par_1_9' title="bbox 245 2656 926 2780">
     <span class='ocr_line' id='line_1_18' title="bbox 245 2656 926 2780; baseline 0.004 -4"><span class='ocrx_word' id='word_1_83' title='bbox 245 2702 438 2776; x_wconf 75' lang='lat' dir='ltr'>aurun</span> <span class='ocrx_word' id='word_1_84' title='bbox 482 2656 926 2780; x_wconf 77' lang='lat' dir='ltr'><strong>ARGUMENTUM.</strong></span> 
     </span>
    </p>
   </div>
   <div class='ocr_carea' id='block_1_5' title="bbox 48 2884 1060 3620">
    <p class='ocr_par' dir='ltr' id='par_1_10' title="bbox 48 2884 1060 3042">
     <span class='ocr_line' id='line_1_19' title="bbox 48 2884 1060 2967; baseline -0.004 -15"><span class='ocrx_word' id='word_1_85' title='bbox 48 2891 173 2952; x_wconf 84' lang='lat' dir='ltr'>Aulam</span> <span class='ocrx_word' id='word_1_86' title='bbox 193 2897 355 2967; x_wconf 81' lang='lat' dir='ltr'>repertam</span> <span class='ocrx_word' id='word_1_87' title='bbox 376 2903 489 2945; x_wconf 83' lang='lat' dir='ltr'>avams</span> <span class='ocrx_word' id='word_1_88' title='bbox 508 2884 640 2964; x_wconf 87' lang='lat' dir='ltr'>plenam</span> <span class='ocrx_word' id='word_1_89' title='bbox 661 2887 730 2945; x_wconf 84' lang='lat' dir='ltr'>auri</span> <span class='ocrx_word' id='word_1_90' title='bbox 751 2884 867 2947; x_wconf 89' lang='lat' dir='ltr'>Euclio</span> <span class='ocrx_word' id='word_1_91' title='bbox 996 2890 1015 2950; x_wconf 85' lang='lat' dir='ltr'>i.</span> <span class='ocrx_word' id='word_1_92' title='bbox 1035 2910 1060 2948; x_wconf 75' lang='lat' dir='ltr'>s.</span> 
     </span>
     <span class='ocr_line' id='line_1_20' title="bbox 49 2966 812 3042; baseline -0.005 -10"><span class='ocrx_word' id='word_1_93' title='bbox 49 2976 91 3034; x_wconf 89' lang='lat' dir='ltr'>Vi</span> <span class='ocrx_word' id='word_1_94' title='bbox 114 2989 247 3034; x_wconf 87' lang='lat' dir='ltr'>summa</span> <span class='ocrx_word' id='word_1_95' title='bbox 269 2981 380 3042; x_wconf 87' lang='lat' dir='ltr'>servat,</span> <span class='ocrx_word' id='word_1_96' title='bbox 401 2969 524 3027; x_wconf 88' lang='lat' dir='ltr'>miseris</span> <span class='ocrx_word' id='word_1_97' title='bbox 545 2966 679 3028; x_wconf 80' lang='lat' dir='ltr'>affectus</span> <span class='ocrx_word' id='word_1_98' title='bbox 699 2967 812 3028; x_wconf 84' lang='lat' dir='ltr'>modis.</span> 
     </span>
    </p>

    <p class='ocr_par' dir='ltr' id='par_1_11' title="bbox 48 3049 618 3137">
     <span class='ocr_line' id='line_1_21' title="bbox 48 3049 618 3137; baseline -0.012 -19"><span class='ocrx_word' id='word_1_99' title='bbox 48 3054 237 3137; x_wconf 86' lang='lat' dir='ltr'>Lyconides</span> <span class='ocrx_word' id='word_1_100' title='bbox 257 3053 350 3111; x_wconf 88' lang='lat' dir='ltr'>istius</span> <span class='ocrx_word' id='word_1_101' title='bbox 371 3052 461 3110; x_wconf 88' lang='lat' dir='ltr'>vitiat</span> <span class='ocrx_word' id='word_1_102' title='bbox 486 3049 618 3112; x_wconf 74' lang='lat' dir='ltr'>filiam·</span> 
     </span>
    </p>

    <p class='ocr_par' dir='ltr' id='par_1_12' title="bbox 49 3132 799 3216">
     <span class='ocr_line' id='line_1_22' title="bbox 49 3132 799 3216; baseline -0.008 -17"><span class='ocrx_word' id='word_1_103' title='bbox 49 3138 130 3199; x_wconf 84' lang='lat' dir='ltr'>volt</span> <span class='ocrx_word' id='word_1_104' title='bbox 153 3136 239 3196; x_wconf 88' lang='lat' dir='ltr'>hanc</span> <span class='ocrx_word' id='word_1_105' title='bbox 260 3132 453 3216; x_wconf 82' lang='lat' dir='ltr'>Megadorus</span> <span class='ocrx_word' id='word_1_106' title='bbox 474 3132 650 3192; x_wconf 85' lang='lat' dir='ltr'>indotatam</span> <span class='ocrx_word' id='word_1_107' title='bbox 672 3135 799 3203; x_wconf 86' lang='lat' dir='ltr'>ducere,</span> 
     </span>
    </p>

    <p class='ocr_par' dir='ltr' id='par_1_13' title="bbox 48 3214 917 3297">
     <span class='ocr_line' id='line_1_23' title="bbox 48 3214 917 3297; baseline 0.001 -16"><span class='ocrx_word' id='word_1_108' title='bbox 48 3220 252 3297; x_wconf 86' lang='lat' dir='ltr'>Lubensque</span> <span class='ocrx_word' id='word_1_109' title='bbox 274 3230 310 3276; x_wconf 87' lang='lat' dir='ltr'>ut</span> <span class='ocrx_word' id='word_1_110' title='bbox 330 3217 439 3284; x_wconf 83' lang='lat' dir='ltr'>faciat,</span> <span class='ocrx_word' id='word_1_111' title='bbox 461 3214 515 3274; x_wconf 91' lang='lat' dir='ltr'>dat</span> <span class='ocrx_word' id='word_1_112' title='bbox 535 3234 652 3294; x_wconf 87' lang='lat' dir='ltr'>coquos</span> <span class='ocrx_word' id='word_1_113' title='bbox 673 3236 750 3275; x_wconf 90' lang='lat' dir='ltr'>cum</span> <span class='ocrx_word' id='word_1_114' title='bbox 776 3217 917 3282; x_wconf 89' lang='lat' dir='ltr'>obsonio.</span> 
     </span>
    </p>

    <p class='ocr_par' dir='ltr' id='par_1_14' title="bbox 49 3296 782 3370">
     <span class='ocr_line' id='line_1_24' title="bbox 49 3296 782 3370; baseline -0.008 -5"><span class='ocrx_word' id='word_1_115' title='bbox 49 3308 146 3365; x_wconf 87' lang='lat' dir='ltr'>Auro</span> <span class='ocrx_word' id='word_1_116' title='bbox 169 3300 322 3361; x_wconf 81' lang='lat' dir='ltr'>formidat</span> <span class='ocrx_word' id='word_1_117' title='bbox 343 3297 477 3360; x_wconf 82' lang='lat' dir='ltr'>Euclio:</span> <span class='ocrx_word' id='word_1_118' title='bbox 501 3296 658 3358; x_wconf 88' lang='lat' dir='ltr'>abstrudit</span> <span class='ocrx_word' id='word_1_119' title='bbox 678 3301 782 3370; x_wconf 82' lang='lat' dir='ltr'>foras3</span> 
     </span>
    </p>

    <p class='ocr_par' dir='ltr' id='par_1_15' title="bbox 50 3382 852 3464">
     <span class='ocr_line' id='line_1_25' title="bbox 50 3382 852 3464; baseline -0.004 -19"><span class='ocrx_word' id='word_1_120' title='bbox 50 3383 172 3464; x_wconf 80' lang='lat' dir='ltr'>Reque</span> <span class='ocrx_word' id='word_1_121' title='bbox 194 3384 285 3441; x_wconf 90' lang='lat' dir='ltr'>omui</span> <span class='ocrx_word' id='word_1_122' title='bbox 303 3384 446 3460; x_wconf 85' lang='lat' dir='ltr'>inspecta</span> <span class='ocrx_word' id='word_1_123' title='bbox 467 3382 689 3461; x_wconf 82' lang='lat' dir='ltr'>compresseris</span> <span class='ocrx_word' id='word_1_124' title='bbox 711 3383 852 3444; x_wconf 84' lang='lat' dir='ltr'>servulus</span> 
     </span>
    </p>

    <p class='ocr_par' dir='ltr' id='par_1_16' title="bbox 50 3462 786 3546">
     <span class='ocr_line' id='line_1_26' title="bbox 50 3462 786 3546; baseline -0.007 -17"><span class='ocrx_word' id='word_1_125' title='bbox 50 3469 93 3530; x_wconf 88' lang='lat' dir='ltr'>Id</span> <span class='ocrx_word' id='word_1_126' title='bbox 119 3468 234 3546; x_wconf 89' lang='lat' dir='ltr'>surpit.</span> <span class='ocrx_word' id='word_1_127' title='bbox 276 3464 349 3524; x_wconf 76' lang='lat' dir='ltr'>Illic</span> <span class='ocrx_word' id='word_1_128' title='bbox 370 3462 526 3522; x_wconf 85' lang='lat' dir='ltr'>Euclioni·</span> <span class='ocrx_word' id='word_1_129' title='bbox 540 3484 611 3525; x_wconf 87' lang='lat' dir='ltr'>rem</span> <span class='ocrx_word' id='word_1_130' title='bbox 630 3466 747 3526; x_wconf 84' lang='lat' dir='ltr'>refert:</span> <span class='ocrx_word' id='word_1_131' title='bbox 782 3538 786 3544; x_wconf 17' lang='grc' dir='ltr'>ι</span> 
     </span>
    </p>

    <p class='ocr_par' dir='ltr' id='par_1_17' title="bbox 52 3547 724 3620">
     <span class='ocr_line' id='line_1_27' title="bbox 52 3547 724 3620; baseline -0.003 -8"><span class='ocrx_word' id='word_1_132' title='bbox 52 3553 107 3616; x_wconf 92' lang='lat' dir='ltr'>Ab</span> <span class='ocrx_word' id='word_1_133' title='bbox 128 3571 169 3611; x_wconf 91' lang='lat' dir='ltr'>eo</span> <span class='ocrx_word' id='word_1_134' title='bbox 191 3548 329 3608; x_wconf 88' lang='lat' dir='ltr'>donatur</span> <span class='ocrx_word' id='word_1_135' title='bbox 350 3565 445 3620; x_wconf 84' lang='lat' dir='ltr'>auro,</span> <span class='ocrx_word' id='word_1_136' title='bbox 468 3565 568 3606; x_wconf 85' lang='lat' dir='ltr'>uxore</span> <span class='ocrx_word' id='word_1_137' title='bbox 589 3560 622 3607; x_wconf 91' lang='lat' dir='ltr'>et</span> <span class='ocrx_word' id='word_1_138' title='bbox 643 3547 724 3610; x_wconf 85' lang='lat' dir='ltr'>filio.</span> 
     </span>
    </p>
   </div>
   <div class='ocr_carea' id='block_1_6' title="bbox 128 3718 1126 3793">
    <p class='ocr_par' dir='ltr' id='par_1_18' title="bbox 128 3718 1126 3793">
     <span class='ocr_line' id='line_1_28' title="bbox 128 3718 1126 3793; baseline 0.001 -16"><span class='ocrx_word' id='word_1_139' title='bbox 128 3718 343 3778; x_wconf 85' lang='lat' dir='ltr'>Acrostichidos</span> <span class='ocrx_word' id='word_1_140' title='bbox 365 3736 450 3774; x_wconf 85' lang='lat' dir='ltr'>versu</span> <span class='ocrx_word' id='word_1_141' title='bbox 470 3738 491 3771; x_wconf 92' lang='lat'>1.</span> <span class='ocrx_word' id='word_1_142' title='bbox 517 3719 628 3788; x_wconf 80' lang='lat' dir='ltr'>legitur</span> <span class='ocrx_word' id='word_1_143' title='bbox 653 3724 713 3774; x_wconf 79' lang='lat' dir='ltr'>Aul.</span> <span class='ocrx_word' id='word_1_144' title='bbox 738 3744 792 3776; x_wconf 73' lang='lat' dir='ltr'>reo.</span> <span class='ocrx_word' id='word_1_145' title='bbox 818 3729 880 3776; x_wconf 81' lang='lat' dir='ltr'>auri</span> <span class='ocrx_word' id='word_1_146' title='bbox 896 3725 933 3793; x_wconf 86' lang='lat' dir='ltr'>pl.</span> <span class='ocrx_word' id='word_1_147' title='bbox 949 3724 1060 3787; x_wconf 74' lang='lat' dir='ltr'>Euclio,</span> <span class='ocrx_word' id='word_1_148' title='bbox 1078 3726 1126 3778; x_wconf 85' lang='lat' dir='ltr'>sed</span> 
     </span>
    </p>
   </div>
   <div class='ocr_carea' id='block_1_7' title="bbox 52 3788 1125 3923">
    <p class='ocr_par' dir='ltr' id='par_1_19' title="bbox 52 3788 1125 3923">
     <span class='ocr_line' id='line_1_29' title="bbox 52 3788 1125 3859; baseline -0.003 -12"><span class='ocrx_word' id='word_1_149' title='bbox 52 3795 88 3847; x_wconf 87' lang='lat' dir='ltr'>in</span> <span class='ocrx_word' id='word_1_150' title='bbox 108 3789 229 3845; x_wconf 63' lang='lat' dir='ltr'>Gaetu:</span> <span class='ocrx_word' id='word_1_151' title='bbox 254 3790 331 3838; x_wconf 76' lang='lat' dir='ltr'>cruori</span> <span class='ocrx_word' id='word_1_152' title='bbox 348 3804 400 3856; x_wconf 90' lang='lat' dir='ltr'>pro</span> <span class='ocrx_word' id='word_1_153' title='bbox 419 3788 488 3837; x_wconf 83' lang='lat' dir='ltr'>auri.</span> <span class='ocrx_word' id='word_1_154' title='bbox 506 3790 615 3856; x_wconf 77' lang='lat' dir='ltr'>Aprum</span> <span class='ocrx_word' id='word_1_155' title='bbox 632 3808 729 3849; x_wconf 81' lang='lat' dir='ltr'>avarus</span> <span class='ocrx_word' id='word_1_156' title='bbox 745 3791 887 3845; x_wconf 84' lang='lat' dir='ltr'>versiculo</span> <span class='ocrx_word' id='word_1_157' title='bbox 903 3789 1004 3843; x_wconf 84' lang='lat' dir='ltr'>hianti.</span> <span class='ocrx_word' id='word_1_158' title='bbox 1018 3799 1022 3808; x_wconf 89' lang='lat'>&#39;</span> <span class='ocrx_word' id='word_1_159' title='bbox 1037 3790 1062 3844; x_wconf 78' lang='lat'>6.</span> <span class='ocrx_word' id='word_1_160' title='bbox 1076 3793 1125 3859; x_wconf 74' lang='lat' dir='ltr'>fo·</span> 
     </span>
     <span class='ocr_line' id='line_1_30' title="bbox 53 3855 580 3923; baseline -0.015 -10"><span class='ocrx_word' id='word_1_161' title='bbox 53 3880 106 3914; x_wconf 82' lang='lat' dir='ltr'>ras</span> <span class='ocrx_word' id='word_1_162' title='bbox 126 3856 229 3911; x_wconf 87' lang='lat' dir='ltr'>Guelf.</span> <span class='ocrx_word' id='word_1_163' title='bbox 248 3863 277 3907; x_wconf 87' lang='lat' dir='ltr'>et</span> <span class='ocrx_word' id='word_1_164' title='bbox 294 3855 405 3923; x_wconf 81' lang='lat' dir='ltr'>Langg.</span> <span class='ocrx_word' id='word_1_165' title='bbox 432 3855 483 3905; x_wconf 86' lang='lat' dir='ltr'>V.:</span> <span class='ocrx_word' id='word_1_166' title='bbox 494 3856 580 3922; x_wconf 75' lang='lat' dir='ltr'>juris.</span> 
     </span>
    </p>
   </div>
   <div class='ocr_carea' id='block_1_8' title="bbox 407 4060 804 4082">
    <p class='ocr_par' dir='ltr' id='par_1_20' title="bbox 407 4060 804 4082">
     <span class='ocr_line' id='line_1_31' title="bbox 407 4060 804 4082; baseline -0.005 -10"><span class='ocrx_word' id='word_1_167' title='bbox 407 4060 804 4082; x_wconf 49' lang='lat' dir='ltr'>Q.</span> 
     </span>
    </p>
   </div>
   <div class='ocr_carea' id='block_1_9' title="bbox 0 0 1385 4659">
    <p class='ocr_par' dir='ltr' id='par_1_21' title="bbox 0 0 1385 4659">
     <span class='ocr_line' id='line_1_32' title="bbox 0 0 1385 4659; baseline 0 0"><span class='ocrx_word' id='word_1_168' title='bbox 0 0 1385 4659; x_wconf 95' lang='lat' dir='ltr'> </span> 
     </span>
    </p>
   </div>
  </div>
 </body>
</html>
