2725 4659
416 359 420 366 ‚
518 270 757 341 asariam.
1117 300 1164 372 ῃ
1227 220 1232 227 ’

106 451 262 522 suasisse,
278 452 339 513 silri
359 470 402 511 ne
423 450 576 512 crederes.
619 451 681 520 Da,
696 471 825 532 quaeso,
847 471 884 515 ac
902 472 944 515 ne
965 453 1120 519 formida!
1151 469 1155 474 ’

106 532 236 595 Salvom
255 535 364 595 hercle
386 534 458 595 erit.
502 531 593 595 Mra.
616 534 752 595 Credam
774 538 852 607 fore,
876 536 957 597 dum
977 529 1108 620 quidem
1127 543 1163 602 in

546 681 550 686 ,
594 636 721 677 manu
742 621 808 699 ipse
828 618 964 683 habebo.

104 699 301 780 Peregrinus
333 717 392 779 ego
414 712 503 776 sum3
533 698 686 759 Sauream
706 720 773 760 non
793 703 877 763 novi.
919 701 971 765 Li.
1000 706 1043 765 At
1067 723 1162 766 nosce

528 803 532 810 ’
622 783 713 841 sane!
762 833 766 842 .
819 813 821 816 ·
896 795 898 802 ’
1099 804 1163 865 445

103 857 197 923 Mara.
229 860 294 932 Sit,
327 880 393 921 non
413 864 469 935 sit,
491 883 558 926 non
571 863 693 941 edepol
715 870 797 933 scio;
826 867 898 926 siis
919 878 979 940 est,
1000 888 1163 930 eumesse

101 991 105 998 .
622 967 640 1005 o
665 959 765 1007 ortet:
1121 975 1123 984 ν
1150 983 1153 992 ‹

103 1025 177 1106 Ego
199 1039 284 1086 certe
311 1046 363 1087 me
384 1028 507 1087 incerto
530 1028 595 1087 scio
624 966 688 1087 hlrc
709 1029 861 1089 daturum
882 1032 1007 1091 nemini
1026 1030 1161 1098 homini.

99 1108 166 1170 La.
186 1109 303 1169 Hercle
322 1113 421 1170 istum
441 1111 474 1169 di
493 1126 606 1174 ¹omnes
627 1111 799 1190 perduint!
812 1142 854 1156 -
874 1112 976 1176 Verbo
997 1131 1071 1175 cave
1091 1135 1162 1196 sup·

599 1241 602 1248 .
642 1194 777 1254 licassis!

102 1273 198 1334 Mra.
220 1275 324 1335 Ferox
346 1286 411 1333 est:
434 1275 553 1356 viginti
572 1214 675 1335 midias
698 1294 785 1334 meas
805 1287 942 1338 tractare
963 1281 1046 1339 sese!

101 1357 162 1416 La.
192 1359 297 1418 Nemo
318 1358 453 1436 accipit:
481 1358 624 1419 auferte
645 1358 797 1417 domum!
822 1358 956 1419 abscede
977 1361 1072 1420 hinc!
1093 1382 1162 1424 mo·

618 1440 717 1501 lessus
737 1459 778 1500 ne
800 1442 858 1501 sis!
1098 1462 1162 1521 45⁰

103 1517 195 1583 Mar.
224 1521 330 1583 Nimis
358 1521 529 1583 iracunde!
558 1522 634 1582 Non
661 1523 754 1581 decet
774 1524 948 1602 superbum
970 1544 1035 1586 esse
1056 1525 1160 1587 homi·

266 1641 270 1654 .
465 1625 468 1630 ·
534 1653 538 1658 .
580 1624 694 1666 :nem
715 1624 850 1666 servom.

100 1686 160 1748 La.
181 1684 269 1747 Malo
290 1687 401 1748 hercle
422 1689 486 1763 jam
506 1708 624 1768 magno
644 1700 712 1757 tuo,
735 1688 771 1745 ni
792 1689 846 1748 isti
865 1708 925 1749 nec
950 1703 1039 1751 recte
1060 1690 1157 1753 dicis!

98 1770 154 1830 Li.
177 1769 309 1847 inpure,
323 1771 431 1838 nihili,
448 1773 615 1830 nonvides
628 1770 746 1832 irasci?
788 1773 845 1831 Lu.
862 1770 963 1851 Perge
984 1777 1102 1851 porrot
1150 1837 1157 1843 ,

99 1854 155 1915 11.
176 1853 354 1936 Flagitium
375 1852 535 1923 hominis,
561 1852 611 1925 da,
634 1851 777 1922 obsecro,
799 1868 970 1933 argentum
990 1855 1085 1915 huic:
1114 1876 1157 1917 ne

114 1965 126 1984 .,
175 1971 177 1976 .
254 1979 258 1986 .
290 1981 295 1988 .
524 1956 528 1962 ’
618 1936 704 1995 mala
725 1935 894 2012 loquatur!
1073 1991 1077 2000 ,
1148 1951 1152 1958 ’

99 2013 193 2077 Mna.
216 2013 344 2076 Malum
371 2016 479 2079 hercle
507 2018 597 2078 volsis
626 2018 789 2096 quaeritis.
838 2016 895 2079 La.
924 2017 1024 2078 Crura
1045 2018 1157 2082 hercle

97 2143 102 2150 .
617 2098 854 2180 defringentur,

97 2184 145 2246 Ni
164 2185 264 2243 istum
283 2181 475 2260 inpudicum
499 2185 638 2261 perciesl
679 2182 731 2243 L1.
762 2182 849 2241 Perii
867 2179 993 2242 hercle!
1015 2186 1156 2266 -Age,

173 2309 177 2314 .
283 2262 285 2266 ’
614 2265 782 2344 inpudice!
892 2319 896 2329 ,
1068 2325 1071 2330 .

80 2347 157 2410 ‚La
181 2347 332 2406 Scelesta!
376 2347 426 2405 L1.
448 2345 642 2413 Non-audes
664 2348 748 2407 mihi
770 2347 913 2415 sceleste,
937 2344 1130 2406 subvenire?

97 2430 158 2490 La.
181 2431 312 2512 Pergin'
343 2431 466 2507 precari
485 2430 653 2505 pessumo?
697 2427 787 2489 Mra.
816 2429 908 2505 Quae
932 2429 1004 2487 res?
1025 2431 1097 2490 tun'
1119 2430 1157 2491 li·

226 2511 231 2519 ’
614 2514 688 2571 bero
709 2511 839 2570 homiui

96 2594 208 2667 Male,
228 2614 341 2664 servos,
363 2593 522 2672 loquere?
564 2594 623 2657 La.
645 2593 788 2673 Vapula!
832 2592 924 2655 Mna.
946 2591 984 2653 Id
1004 2592 1065 2662 tibi
1085 2597 1156 2677 qui·

612 2677 688 2737 dem
707 2675 816 2735 hercle
838 2675 906 2748 fiet,

95 2761 145 2821 Ut
166 2760 307 2839 vapules,
328 2760 569 2819 Demaenetum
582 2761 717 2821 simulac
732 2777 926 2837 conspexero
942 2755 1053 2820 hodie!
1095 2764 1155 2837 460

39 2867 44 2877 ⁴
95 2844 201 2918 injus
219 2857 356 2902 vocate.
393 2842 454 2904 La.
465 2845 543 2903 Nou
558 2863 604 2903 eo.
626 2840 717 2903 Mau.
738 2845 814 2904 Non
829 2841 935 2900 1εέ-
955 2842 1134 2901 Memento.

718 2936 722 2943 '
922 2921 974 2983 L1.
1002 2924 1153 2987 Memini.

92 3009 188 3072 Mna.
196 3008 330 3068 Dabitur
338 3007 390 3086 pol
400 3008 594 3085 supplicium
602 3008 684 3067 mihi
691 3005 827 3087 detergo
837 3008 953 3066 vostro!
965 3005 1022 3068 La.
1032 3009 1095 3067 Vae
1103 3011 1152 3068 te!

94 3094 173 3154 Tibi
201 3091 335 3172 quidem
355 3089 394 3149 de
417 3091 525 3162 nobis,
551 3092 725 3162 samusart,
749 3088 843 3149 detur
860 3089 1077 3166 supplicium?

786 3166 877 3233 Mra.
898 3172 1004 3251 Atque
1027 3170 1153 3239 etiam?

90 3261 158 3323 Pro
180 3254 273 3317 dictis
297 3255 406 3317 vostris
427 3254 591 3317 maledicis
612 3272 731 3336 poenae
753 3254 936 3333 pendentur
954 3256 1002 3313 mi
1018 3254 1131 3315 hodie!

159 3477 217 3530 444.
236 3463 290 3515 Sic.
309 3472 365 3515 vet.
383 3462 444 3514 cod.
462 3461 606 3515 Camerar.
632 3479 657 3521 a.
674 3479 713 3514 m.
733 3476 756 3511 r.
773 3451 834 3519 P'al,
852 3477 877 3528 3.
902 3470 930 3512 et
947 3459 1057 3524 Gueli,
1076 3461 1153 3528 quod

90 3529 295 3601 praeferebant
319 3528 399 3581 Acid.
424 3538 452 3581 et
470 3527 547 3581 Reiz.
571 3531 618 3584 V.t
642 3531 736 3580 habeo.
786 3542 845 3593 452.
863 3530 940 3579 Haec
958 3543 1014 3577 non
1031 3527 1151 3594 Libano,

91 3597 169 3649 sicut
189 3596 290 3664 vulgo,
314 3595 362 3647 sed
380 3594 524 3648 Leonidae
547 3595 699 3648 tribuenda
721 3609 781 3647 esse
804 3592 1152 3662 viffitGui1.Quaest.in

90 3670 139 3714 As.
158 3677 220 3713 ca.
272 3678 329 3734 457·
354 3655 402 3720 V.:
427 3693 459 3703 —
485 3665 636 3731 impudice,
663 3664 799 3727 Scelesta,
824 3680 850 3712 n.
872 3679 898 3716 α.
919 3678 952 3709 m.
972 3659 1087 3709 sceleste
1107 3665 1154 3712 a?

89 3728 216 3781 Helmst.
234 3730 262 3778 et
276 3738 344 3780 vett.
361 3726 424 3780 cdd.
443 3730 558 3780 sceleste
576 3738 698 3798 utroque
714 3727 885 3796 locoqi’rius
906 3725 1026 3776 Scelesta
1044 3725 1153 3777 Libano

89 3795 221 3847 Leonida
237 3795 412 3859 insusurrat,
432 3805 465 3846 ut
481 3796 504 3846 is
520 3797 550 3847 in
567 3804 760 3849 mercatorem
776 3793 871 3856 jaciat.
920 3806 977 3859 459.
996 3792 1040 3841 Ita
1056 3792 1151 3851 Guelf.

89 3870 121 3914 et
137 3861 260 3918 Helmst,
275 3864 325 3913 V.:
345 3864 451 3930 quidem
465 3864 521 3912 tibi.
555 3861 602 3928 461
622 3859 701 3912 Male
713 3859 791 3912 edd:
816 3860 879 3921 Vae,
899 3871 934 3907 te.
968 3855 1024 3921 462.
1044 3860 1091 3909 V.:
1110 3871 1151 3910 ot·

89 3948 143 3998 que
162 3943 187 3979 et
202 3931 262 3995 jam
279 3930 421 3995 Proeto,
446 3928 527 3997 quasi
550 3944 608 3981 una
631 3928 703 3979 haec
727 3934 798 3976 esset
814 3924 914 3975 oratio.
948 3925 1033 3991 Atque
1047 3928 1152 3977 eriam?

86 3999 185 4064 Atque
216 3995 376 4046 etiamnum
406 3995 480 4047 mihi
512 3994 675 4058 maledicis,
708 3992 875 4043 carnificem
903 4007 950 4041 me
981 3990 1150 4059 appellans?

85 4060 146 4129 464.
164 4064 211 4113 Ita
226 4060 335 4129 Langg.
353 4061 435 4113 Conf.
454 4063 570 4120 Terent,
587 4060 674 4113 Andr.
692 4055 768 4127 prol.
782 4073 806 4127 7.
824 4060 871 4108 V.:
891 4058 1055 4108 maledictis.
