2725 4659
251 278 325 351 Μ
582 255 637 327 Μ.
688 259 733 332 Α.
781 253 966 329 Puauut

254 437 343 500 nom
359 435 418 499 tibi
434 451 494 514 ego
506 432 650 515 plectam
662 445 760 512 atque
774 434 940 529 obsequar,
949 444 1069 495 'meum
1082 446 1212 516 tergum
1221 431 1298 493 flooci

255 600 308 664 ετ.
322 601 355 662 N
355 618 409 662 am
423 597 501 679 quid
513 597 582 660 itai
623 596 680 658 Er.
698 515 862 678 Quidaecgd
870 610 964 659 tuom
976 609 1102 677 patrem
1115 598 1233 659 faciam
1242 616 1311 691 ρετ-ι

386 726 390 733 .
770 680 956 742 enticidam.

255 761 309 826 S'r.
334 761 421 843 Quid
434 765 518 825 istuc
534 761 626 824 verbi
640 761 710 823 est?
750 760 808 825 Er.
823 761 881 823 Nil
892 780 1000 829 moror
1014 759 1127 822 vetula
1141 775 1176 823 et
1188 759 1295 843 volgata

771 845 877 905 verba.

256 929 398 991 Petatim
418 927 566 995 duotutet
587 938 634 989 ast
653 945 716 1006 ego
737 926 872 987 follitim
891 923 1068 989 ductitabo!

255 1009 342 1075 Nam
365 1010 441 1070 leno
467 1027 564 1071 omne
588 1023 761 1092 argentum
779 1008 987 1152 alistuh'lqupro
1008 1006 1142 1069 fidicina
1166 1003 1243 1089 (ego
1258 1025 1292 1065 re

770 1111 803 1151 so
820 1094 865 1161 νίς
911 1090 919 1106 ’
1250 1104 1292 1163 545

256 1171 410 1236 Manibus
423 1168 658 1251 denumeravi),
674 1186 768 1252 pater
784 1192 873 1235 suam
887 1186 996 1232 natam
1011 1190 1109 1251 quam
1126 1192 1194 1233 esse
1208 1171 1292 1231 credit

256 1257 354 1319 Nunc
377 1260 499 1318 iterum
517 1270 556 1316 ut
581 1255 715 1314 fallatur
739 1267 846 1336 pater,
867 1254 928 1315 tibi
949 1256 1113 1314 auxilium
1134 1254 1293 1332 adpareun

257 1338 375 1399 Inveni
390 1340 471 1415 jam:
488 1343 533 1399 ita
550 1340 631 1398 suasi
645 1357 705 1418 ego
723 1340 792 1397 seni
802 1350 898 1416 atque
912 1336 995 1397 hanc
1010 1335 1112 1396 habui
1125 1337 1294 1397 orationem.

258 1419 317 1492 Ut,
331 1440 427 1498 quom
443 1422 585 1493 redisses,
601 1438 642 1478 ne
656 1417 716 1478 tibi
732 1421 799 1495 ejus
815 1421 904 1499 copia
919 1431 1013 1492 esset,
1030 1463 1040 1480 .
1055 1462 1063 1479 .
1081 1463 1090 1481 .
1110 1461 1118 1478 .
1141 1415 1196 1477 Sr.
1211 1410 1293 1493 Euge!

256 1500 315 1564 Er.
336 1501 447 1563 Etiam
471 1516 586 1564 tuam
606 1502 808 1563 emundam
829 1501 979 1583 pellicem
1003 1519 1079 1562 esse.
1123 1499 1177 1564 Sr.
1199 1498 1295 1558 Teneo

604 1586 608 1591 ’
855 1582 911 1645 Ea.
933 1586 1029 1645 Nunc
1049 1595 1217 1643 auctorem
1250 1594 1294 1655 550

257 1665 358 1726 Dedit
382 1664 468 1726 mihi
486 1665 526 1725 ad
540 1664 622 1726 hano
636 1686 708 1727 rem
727 1667 923 1821 Apoecidenq
950 1661 998 1741 (is
1016 1664 1102 1744 apud
1125 1665 1233 1725 forum
1247 1679 1296 1721 na·

769 1760 827 1808 net
846 1768 900 1808 me
925 1788 934 1816 ‚

259 1829 360 1909 Quasi
373 1830 429 1910 qui
449 1847 521 1893 eam
537 1842 634 1892 amet.
677 1828 794 1894 Caret!
838 1828 889 1889 Sr.
910 1829 1006 1890 Haud
1022 1827 1126 1893 male!
1171 1827 1227 1892 Ee.
1244 1825 1298 1888 dau

770 1913 838 1992 ipse
858 1924 969 1972 cautor
989 1924 1135 1990 captust3

257 1990 330 2074 Ipse
350 1995 386 2055 in
405 2014 479 2056 meo
501 1995 585 2056 collo
604 2007 675 2054 tuos
697 2006 787 2073 pater
807 2013 995 2057 crumenam
1016 1994 1208 2054 conlocarit.

257 2073 289 2134 Is
310 2075 459 2146 adornat,
480 2076 651 2138 adveniens
674 2076 761 2135 domi
782 2075 943 2156 extemplo
965 2088 1000 2135 ut
1020 2078 1157 2136 maritus
1180 2074 1244 2134 fias.

259 2155 311 2217 Sa.
340 2156 414 2218 Uno
439 2159 644 2238 persuadebit
667 2157 778 2218 modo:
809 2159 836 2217 si
863 2159 973 2230 illam,
1004 2176 1086 2236 quae
1109 2156 1299 2219 adducta‘etl

716 2272 719 2279 >
772 2259 913 2310 mecum,
1249 2249 1298 2317 ᾖε

256 2316 346 2382 Mihi
361 2321 498 2384 ademsit
514 2322 625 2383 Orous.
654 2321 710 2384 Er.
726 2322 822 2383 Nunc
837 2341 894 2403 ego
908 2321 1056 2381 astutiam
1071 2319 1158 2381 hanc
1174 2314 1299 2381 institui:

258 2402 434 2465 Deveniam
449 2406 489 2465 ad
503 2405 654 2466 lenonem
669 2405 804 2465 domum
820 2425 838 2464 e
862 2417 949 2464 omet
963 2402 1066 2473 solus;
1089 2423 1167 2462 eum
1186 2400 1299 2467 doceb·

259 2484 293 2543 si
308 2489 364 2567 qui
379 2489 419 2548 ad
433 2505 509 2547 eum
525 2486 711 2558 adveniant,
720 2498 757 2547 ut
768 2485 829 2546 sibi
839 2426 950 2546 datum
963 2505 1030 2546 esse
1044 2499 1219 2568 argentum
1231 2484 1312 2547 dw-

257 2563 320 2625 Pso
344 2567 496 2637 fidicina3
519 2571 646 2650 argenti
669 2574 777 2629 minae
800 2587 833 2628 se
852 2567 971 2628 habere
994 2569 1247 2649 quinquaginta:
1309 2579 1313 2598 ¹

261 2649 388 2728 Qqupe
401 2670 460 2731 ego
471 2651 544 2730 quoi
553 2651 783 2711 nudiustertius
791 2651 869 2709 meis
877 2651 1023 2711 manibus
1031 2650 1242 2710 denumeravi
1253 2647 1301 2726 5&

258 2729 319 2789 Pro
339 2730 395 2788 illa
415 2746 470 2792 tna
492 2735 613 2805 amica,
636 2744 732 2811 quum
752 2745 841 2810 pater
861 2751 951 2791 suam
972 2732 1076 2792 liliam
1096 2751 1163 2792 esse
1184 2743 1279 2803 retusa

258 2809 310 2869 lbi
331 2809 405 2871 leno
426 2814 616 2875 sceleratum
637 2828 733 2894 caput
754 2833 845 2874 suom
866 2813 1038 2894 inprudens
1058 2814 1227 2895 adligabit,

261 2894 360 2972 Quasi
379 2914 436 2975 pro
463 2896 522 2959 illa
544 2910 715 2980 argeutum
735 2897 913 2973 acceperit,
946 2914 1026 2976 quae
1049 2909 1161 2959 tecum
1181 2893 1302 2957 addua

771 2995 859 3036 nuno
882 2989 938 3038 est.

260 3057 319 3118 Cn.
336 3057 501 3120 Vorsutior
513 3081 556 3129 es,
572 3080 668 3140 quam
678 3072 746 3120 rota
760 3057 938 3141 singularis.
960 3060 1016 3122 Er.
1033 3059 1105 3119 Jam
1120 3081 1183 3145 ego
1198 3054 1300 3142 patah

258 3137 415 3220 Aliquam
430 3140 572 3203 dolosam
585 3142 764 3213 fidicinam,
785 3160 886 3203 numo
902 3141 1059 3204 conducta
1077 3162 1162 3222 quae
1175 3144 1229 3219 tit,
1252 3138 1302 3221 §a

323 3348 381 3399 544.
411 3333 460 3385 Va
489 3334 618 3398 ductare;
648 3348 678 3386 ot
699 3345 753 3389 ete.
800 3337 919 3389 Ductote
941 3335 1050 3389 dudum
1071 3328 1129 3388 alii

257 3413 316 3516 n·
333 3398 753 3518 ¹a1l⁶¹udltttua
769 3483 777 3502 .
793 3402 1056 3521 a
1074 3396 1303 3522 itanu

255 3530 308 3583 Va
325 3482 513 3598 tergestina.
528 3503 537 3521 Ο
555 3510 622 3600 350.
647 3530 677 3586 V.
688 3535 817 3589 tEmo
830 3540 891 3604 jam
907 3537 980 3586 domi
997 3485 1101 3602 estmpzo
1118 3536 1182 3587 itta
1217 3532 1304 3589 Μ

257 3614 319 3648 neo.
352 3597 506 3675 SedLang
525 3619 548 3678 2²
573 3602 655 3652 etiam
670 3617 723 3669 pro
748 3619 781 3652 ια
801 3607 876 3669 jam,
901 3611 931 3653 et
946 3598 1010 3652 loco
1026 3602 1183 3655 verborum
1199 3618 1249 3670 pn
1260 3594 1302 3653 ὓ

258 3671 346 3742 vetut
361 3666 452 3733 pelta,
468 3684 502 3732 pa
516 3668 555 3717 lta
568 3667 779 3733 (Helium-l,
795 3670 890 3736 puella
906 3667 1006 3738 (Lung
1025 3704 1033 3719 .
1051 3662 1304 3747 dionenhffl

257 3729 360 3808 pellere
377 3729 539 3800 (Sanno),
564 3748 632 3786 oum
648 3732 825 3801 improbatas
839 3734 902 3786 roni
918 3750 982 3785 eme
1022 3742 1099 3787 aum
1114 3728 1305 3789 mimda

258 3806 427 3873 tempsisset.
475 3813 533 3866 552.
553 3800 646 3858 *Prisci
667 3801 743 3852 fere:
773 3800 807 3867 Q.
834 3818 904 3867 quot
926 3815 1044 3868 amaret,
1072 3814 1181 3859 saecun
1203 3802 1238 3853 V.

259 3876 322 3927 quot
340 3877 452 3927 emeret,
483 3879 587 3918 cautos.
621 3867 685 3917 Jom
701 3883 758 3918 non
775 3865 905 3920 eliditur.
953 3867 1011 3932 556.
1029 3885 1079 3933 ego
1094 3881 1157 3918 uon
1186 3865 1194 3879 ⁸
1273 3879 1275 3881 ·

257 3929 430 3993 praesertim
444 3928 477 3980 in
491 3932 629 3984 incisione
650 3936 755 3984 versun
805 3948 838 4001 55
856 3970 866 3984 .
886 3933 987 3984 Putide
1002 3933 1082 3985 libri:
1107 3950 1170 3984 αι
1185 3946 1246 4001 ¹³0
1295 3977 1297 3980 .

254 3991 317 4066 36⁰.
334 3993 382 4071 lla
408 3992 442 4059 Q.
461 4013 484 4046 e.
501 4000 558 4073 qui.
589 3998 711 4069 Legitur
726 3950 1017 4067 etiamdinummvi,
1042 3998 1239 4053 sicutumi.
1301 4013 1306 4032 ¹

258 4071 290 4107 ru
306 4054 363 4108 hoo
378 4058 624 4134 vorb031dquod
639 4061 728 4116 tertul
743 4081 855 4120 moneo.
1106 4098 1110 4109 ·
1207 4094 1211 4103 ·
1268 4082 1282 4099 ¹·
