<?xml version="1.0" encoding="UTF-8"?>
<!DOCTYPE html PUBLIC "-//W3C//DTD XHTML 1.0 Transitional//EN"
    "http://www.w3.org/TR/xhtml1/DTD/xhtml1-transitional.dtd">
<html xmlns="http://www.w3.org/1999/xhtml" xml:lang="en" lang="en">
 <head>
  <title>
</title>
<meta http-equiv="Content-Type" content="text/html;charset=utf-8" />
  <meta name='ocr-system' content='tesseract 3.04.00' />
  <meta name='ocr-capabilities' content='ocr_page ocr_carea ocr_par ocr_line ocrx_word'/>
</head>
<body>
  <div class='ocr_page' id='page_1' title='image "./mattiplauticomo00unkngoog/mattiplauticomo00unkngoog_0203.png"; bbox 0 0 2725 4659; ppageno 0'>
   <div class='ocr_carea' id='block_1_1' title="bbox 443 297 1116 414">
    <p class='ocr_par' dir='ltr' id='par_1_1' title="bbox 443 297 1116 414">
     <span class='ocr_line' id='line_1_1' title="bbox 443 297 1116 414; baseline 0.001 -43"><span class='ocrx_word' id='word_1_1' title='bbox 443 297 726 414; x_wconf 73' lang='lat' dir='ltr'><strong>nsccfflnns</strong></span> <span class='ocrx_word' id='word_1_2' title='bbox 1044 319 1116 395; x_wconf 69' lang='lat'><strong>³75</strong></span> 
     </span>
    </p>
   </div>
   <div class='ocr_carea' id='block_1_2' title="bbox 247 445 1087 546">
    <p class='ocr_par' dir='ltr' id='par_1_2' title="bbox 67 445 1087 546">
     <span class='ocr_line' id='line_1_2' title="bbox 247 445 1087 546; baseline -0.005 -1.882"><span class='ocrx_word' id='word_1_3' title='bbox 247 475 562 546; x_wconf 77' lang='lat' dir='ltr'><strong>mensurus,</strong></span> <span class='ocrx_word' id='word_1_4' title='bbox 615 445 974 545; x_wconf 58' lang='lat' dir='ltr'><strong>cnrrsrtnsj·</strong></span> <span class='ocrx_word' id='word_1_5' title='bbox 1021 471 1028 484; x_wconf 76' lang='grc'><em>·</em></span> <span class='ocrx_word' id='word_1_6' title='bbox 1082 469 1087 478; x_wconf 83' lang='grc'>’</span> 
     </span>
    </p>
   </div>
   <div class='ocr_carea' id='block_1_3' title="bbox 52 589 1127 2235">
    <p class='ocr_par' dir='ltr' id='par_1_3' title="bbox 52 589 1127 2235">
     <span class='ocr_line' id='line_1_3' title="bbox 55 589 1105 680; baseline 0 -24"><span class='ocrx_word' id='word_1_7' title='bbox 55 594 124 666; x_wconf 72' lang='grc' dir='ltr'><strong>Νι.</strong></span> <span class='ocrx_word' id='word_1_8' title='bbox 137 593 251 658; x_wconf 85' lang='lat' dir='ltr'><strong>Nimio</strong></span> <span class='ocrx_word' id='word_1_9' title='bbox 268 597 363 658; x_wconf 85' lang='lat' dir='ltr'><strong>illaec</strong></span> <span class='ocrx_word' id='word_1_10' title='bbox 377 614 428 657; x_wconf 83' lang='lat' dir='ltr'><strong>res</strong></span> <span class='ocrx_word' id='word_1_11' title='bbox 444 606 491 656; x_wconf 90' lang='lat' dir='ltr'><strong>est</strong></span> <span class='ocrx_word' id='word_1_12' title='bbox 509 603 645 675; x_wconf 83' lang='lat' dir='ltr'><strong>magnae</strong></span> <span class='ocrx_word' id='word_1_13' title='bbox 659 592 797 656; x_wconf 85' lang='lat' dir='ltr'><strong>dividiae</strong></span> <span class='ocrx_word' id='word_1_14' title='bbox 812 594 939 668; x_wconf 64' lang='lat' dir='ltr'><strong>militi.</strong></span> <span class='ocrx_word' id='word_1_15' title='bbox 958 615 980 656; x_wconf 88' lang='lat' dir='ltr'><strong>s.</strong></span> <span class='ocrx_word' id='word_1_16' title='bbox 990 589 1053 680; x_wconf 55' lang='lat' dir='ltr'><strong>JV,</strong></span> <span class='ocrx_word' id='word_1_17' title='bbox 1073 612 1105 676; x_wconf 53' lang='lat'><strong>43</strong></span> 
     </span>
     <span class='ocr_line' id='line_1_4' title="bbox 56 672 1117 760; baseline -0.008 -22"><span class='ocrx_word' id='word_1_18' title='bbox 56 675 299 760; x_wconf 80' lang='lat' dir='ltr'><strong>Subteriugisse</strong></span> <span class='ocrx_word' id='word_1_19' title='bbox 320 680 363 739; x_wconf 88' lang='lat' dir='ltr'><strong>sic</strong></span> <span class='ocrx_word' id='word_1_20' title='bbox 380 675 463 738; x_wconf 89' lang='lat' dir='ltr'><strong>mihi</strong></span> <span class='ocrx_word' id='word_1_21' title='bbox 478 675 575 738; x_wconf 89' lang='lat' dir='ltr'><strong>hodie</strong></span> <span class='ocrx_word' id='word_1_22' title='bbox 593 672 804 754; x_wconf 80' lang='lat' dir='ltr'>Chrysalum!</span> <span class='ocrx_word' id='word_1_23' title='bbox 1055 692 1117 755; x_wconf 77' lang='lat'><strong>755</strong></span> 
     </span>
     <span class='ocr_line' id='line_1_5' title="bbox 55 758 1054 830; baseline 0 -11"><span class='ocrx_word' id='word_1_24' title='bbox 55 758 121 822; x_wconf 79' lang='lat' dir='ltr'><strong>Cn.</strong></span> <span class='ocrx_word' id='word_1_25' title='bbox 144 759 356 824; x_wconf 80' lang='lat' dir='ltr'><strong>Solvos&#39;sum:</strong></span> <span class='ocrx_word' id='word_1_26' title='bbox 378 762 477 826; x_wconf 83' lang='lat' dir='ltr'><strong>iratus</strong></span> <span class='ocrx_word' id='word_1_27' title='bbox 492 768 539 819; x_wconf 87' lang='lat' dir='ltr'><strong>est</strong></span> <span class='ocrx_word' id='word_1_28' title='bbox 552 775 659 819; x_wconf 80' lang='lat' dir='ltr'><strong>senex.</strong></span> <span class='ocrx_word' id='word_1_29' title='bbox 701 758 799 819; x_wconf 89' lang='lat' dir='ltr'><strong>Nunc</strong></span> <span class='ocrx_word' id='word_1_30' title='bbox 812 770 860 818; x_wconf 87' lang='lat' dir='ltr'><strong>est</strong></span> <span class='ocrx_word' id='word_1_31' title='bbox 875 759 959 820; x_wconf 88' lang='lat' dir='ltr'><strong>mihi</strong></span> <span class='ocrx_word' id='word_1_32' title='bbox 1044 761 1054 830; x_wconf 66' lang='lat' dir='ltr'>J</span> 
     </span>
     <span class='ocr_line' id='line_1_6' title="bbox 54 839 1115 922; baseline 0 -21"><span class='ocrx_word' id='word_1_33' title='bbox 54 842 210 912; x_wconf 79' lang='lat' dir='ltr'><strong>Adeundi</strong></span> <span class='ocrx_word' id='word_1_34' title='bbox 229 841 270 918; x_wconf 82' lang='lat' dir='ltr'><strong>ad</strong></span> <span class='ocrx_word' id='word_1_35' title='bbox 290 839 459 904; x_wconf 87' lang='lat' dir='ltr'><strong>hominem</strong></span> <span class='ocrx_word' id='word_1_36' title='bbox 476 852 612 920; x_wconf 83' lang='lat' dir='ltr'><strong>tempus.</strong></span> <span class='ocrx_word' id='word_1_37' title='bbox 653 839 712 902; x_wconf 84' lang='grc' dir='ltr'><strong>Νι.</strong></span> <span class='ocrx_word' id='word_1_38' title='bbox 736 840 815 921; x_wconf 86' lang='lat' dir='ltr'><strong>Quis</strong></span> <span class='ocrx_word' id='word_1_39' title='bbox 834 841 977 920; x_wconf 86' lang='lat' dir='ltr'><strong>loquitur</strong></span> <span class='ocrx_word' id='word_1_40' title='bbox 995 842 1115 922; x_wconf 83' lang='lat' dir='ltr'><strong>prope?</strong></span> 
     </span>
     <span class='ocr_line' id='line_1_7' title="bbox 52 919 1070 1003; baseline 0.002 -20"><span class='ocrx_word' id='word_1_41' title='bbox 52 925 167 1002; x_wconf 82' lang='lat' dir='ltr'>Atque</span> <span class='ocrx_word' id='word_1_42' title='bbox 184 922 239 984; x_wconf 86' lang='lat' dir='ltr'><strong>hic</strong></span> <span class='ocrx_word' id='word_1_43' title='bbox 253 922 400 1003; x_wconf 88' lang='lat' dir='ltr'><strong>quidem,</strong></span> <span class='ocrx_word' id='word_1_44' title='bbox 421 924 553 1002; x_wconf 85' lang='lat' dir='ltr'><strong>opinor,</strong></span> <span class='ocrx_word' id='word_1_45' title='bbox 575 919 770 998; x_wconf 83' lang='lat' dir='ltr'><strong>Chrysalust.</strong></span> <span class='ocrx_word' id='word_1_46' title='bbox 811 922 870 988; x_wconf 75' lang='lat' dir='ltr'><strong>Cu.</strong></span> <span class='ocrx_word' id='word_1_47' title='bbox 891 925 1070 992; x_wconf 65' lang='lat' dir='ltr'><strong>Accessere}</strong></span> 
     </span>
     <span class='ocr_line' id='line_1_8' title="bbox 54 1000 1006 1090; baseline -0.002 -24"><span class='ocrx_word' id='word_1_48' title='bbox 54 1005 118 1070; x_wconf 89' lang='grc' dir='ltr'><strong>Νι.</strong></span> <span class='ocrx_word' id='word_1_49' title='bbox 141 1007 230 1067; x_wconf 87' lang='lat' dir='ltr'><strong>Bone</strong></span> <span class='ocrx_word' id='word_1_50' title='bbox 245 1023 344 1078; x_wconf 84' lang='lat' dir='ltr'><strong>serve,</strong></span> <span class='ocrx_word' id='word_1_51' title='bbox 365 1005 457 1070; x_wconf 85' lang='lat' dir='ltr'><strong>salve.</strong></span> <span class='ocrx_word' id='word_1_52' title='bbox 503 1003 593 1085; x_wconf 86' lang='lat' dir='ltr'><strong>Quid</strong></span> <span class='ocrx_word' id='word_1_53' title='bbox 605 1000 666 1063; x_wconf 78' lang='lat' dir='ltr'><strong>fit?</strong></span> <span class='ocrx_word' id='word_1_54' title='bbox 690 1023 786 1090; x_wconf 79' lang='lat' dir='ltr'><strong>quam</strong></span> <span class='ocrx_word' id='word_1_55' title='bbox 798 1024 875 1065; x_wconf 88' lang='lat' dir='ltr'><strong>mox</strong></span> <span class='ocrx_word' id='word_1_56' title='bbox 888 1008 1006 1086; x_wconf 81' lang='lat' dir='ltr'><strong>navigo</strong></span> 
     </span>
     <span class='ocr_line' id='line_1_9' title="bbox 53 1085 1117 1167; baseline -0.001 -20"><span class='ocrx_word' id='word_1_57' title='bbox 53 1086 102 1150; x_wconf 90' lang='lat' dir='ltr'><strong>In</strong></span> <span class='ocrx_word' id='word_1_58' title='bbox 110 1085 1117 1167; x_wconf 60' lang='lat' dir='ltr'><strong>Ephesum,utaurumrepetarnabTheotimodomum-&#39;740</strong></span> 
     </span>
     <span class='ocr_line' id='line_1_10' title="bbox 56 1167 828 1244; baseline 0.001 -16"><span class='ocrx_word' id='word_1_59' title='bbox 56 1167 187 1236; x_wconf 60' lang='lat' dir='ltr'><strong>Taces?</strong></span> <span class='ocrx_word' id='word_1_60' title='bbox 227 1169 290 1229; x_wconf 87' lang='lat' dir='ltr'><strong>Per</strong></span> <span class='ocrx_word' id='word_1_61' title='bbox 303 1170 406 1234; x_wconf 86' lang='lat' dir='ltr'><strong>omnis</strong></span> <span class='ocrx_word' id='word_1_62' title='bbox 420 1168 495 1234; x_wconf 87' lang='lat' dir='ltr'><strong>deos</strong></span> <span class='ocrx_word' id='word_1_63' title='bbox 509 1168 638 1244; x_wconf 84' lang='lat' dir='ltr'><strong>adjuro,</strong></span> <span class='ocrx_word' id='word_1_64' title='bbox 660 1172 697 1231; x_wconf 90' lang='lat' dir='ltr'><strong>ni</strong></span> <span class='ocrx_word' id='word_1_65' title='bbox 714 1187 828 1230; x_wconf 85' lang='lat' dir='ltr'><strong>meum</strong></span> 
     </span>
     <span class='ocr_line' id='line_1_11' title="bbox 55 1249 1088 1332; baseline -0.001 -21"><span class='ocrx_word' id='word_1_66' title='bbox 55 1249 211 1311; x_wconf 86' lang='lat' dir='ltr'><strong>Gnatum</strong></span> <span class='ocrx_word' id='word_1_67' title='bbox 225 1257 295 1311; x_wconf 65' lang='lat' dir='ltr'><strong>,tam</strong></span> <span class='ocrx_word' id='word_1_68' title='bbox 308 1270 415 1312; x_wconf 89' lang='lat' dir='ltr'><strong>amem</strong></span> <span class='ocrx_word' id='word_1_69' title='bbox 430 1264 527 1331; x_wconf 84' lang='lat' dir='ltr'><strong>atque</strong></span> <span class='ocrx_word' id='word_1_70' title='bbox 541 1252 571 1311; x_wconf 92' lang='lat' dir='ltr'><strong>ei</strong></span> <span class='ocrx_word' id='word_1_71' title='bbox 587 1249 671 1310; x_wconf 78' lang='lat' dir='ltr'><strong>facta</strong></span> <span class='ocrx_word' id='word_1_72' title='bbox 688 1251 835 1329; x_wconf 85' lang='lat' dir='ltr'><strong>cupiam,</strong></span> <span class='ocrx_word' id='word_1_73' title='bbox 858 1269 938 1332; x_wconf 86' lang='lat' dir='ltr'><strong>quae</strong></span> <span class='ocrx_word' id='word_1_74' title='bbox 954 1252 982 1312; x_wconf 84' lang='lat' dir='ltr'><strong>is</strong></span> <span class='ocrx_word' id='word_1_75' title='bbox 998 1250 1088 1322; x_wconf 82' lang='lat' dir='ltr'><strong>velit,</strong></span> 
     </span>
     <span class='ocr_line' id='line_1_12' title="bbox 53 1331 814 1415; baseline 0.001 -23"><span class='ocrx_word' id='word_1_76' title='bbox 53 1331 110 1392; x_wconf 86' lang='lat' dir='ltr'><strong>Ut</strong></span> <span class='ocrx_word' id='word_1_77' title='bbox 126 1346 183 1395; x_wconf 88' lang='lat' dir='ltr'><strong>tua</strong></span> <span class='ocrx_word' id='word_1_78' title='bbox 196 1333 264 1408; x_wconf 84' lang='lat' dir='ltr'><strong>jam</strong></span> <span class='ocrx_word' id='word_1_79' title='bbox 279 1332 376 1415; x_wconf 83' lang='lat' dir='ltr'><strong>virgis</strong></span> <span class='ocrx_word' id='word_1_80' title='bbox 388 1335 490 1395; x_wconf 81' lang='lat' dir='ltr'><strong>latera</strong></span> <span class='ocrx_word' id='word_1_81' title='bbox 505 1333 688 1398; x_wconf 85' lang='lat' dir='ltr'><strong>lacerentur</strong></span> <span class='ocrx_word' id='word_1_82' title='bbox 703 1332 814 1412; x_wconf 81' lang='lat' dir='ltr'>probe,</span> 
     </span>
     <span class='ocr_line' id='line_1_13' title="bbox 54 1415 1108 1495; baseline -0.005 -18"><span class='ocrx_word' id='word_1_83' title='bbox 54 1416 277 1495; x_wconf 72' lang='lat' dir='ltr'><strong>Fen-utusque</strong></span> <span class='ocrx_word' id='word_1_84' title='bbox 290 1415 327 1475; x_wconf 91' lang='lat' dir='ltr'><strong>in</strong></span> <span class='ocrx_word' id='word_1_85' title='bbox 340 1416 473 1494; x_wconf 88' lang='lat' dir='ltr'><strong>pistrino</strong></span> <span class='ocrx_word' id='word_1_86' title='bbox 487 1426 623 1476; x_wconf 86' lang='lat' dir='ltr'><strong>aetatem</strong></span> <span class='ocrx_word' id='word_1_87' title='bbox 635 1416 801 1476; x_wconf 84' lang='lat' dir='ltr'><strong>conteras!</strong></span> <span class='ocrx_word' id='word_1_88' title='bbox 1045 1477 1049 1492; x_wconf 49' lang='lat'>‚</span> <span class='ocrx_word' id='word_1_89' title='bbox 1104 1479 1108 1490; x_wconf 46' lang='lat'>‚</span> 
     </span>
     <span class='ocr_line' id='line_1_14' title="bbox 57 1493 1127 1578; baseline 0.003 -25"><span class='ocrx_word' id='word_1_90' title='bbox 57 1493 183 1557; x_wconf 86' lang='lat' dir='ltr'><strong>Omnia</strong></span> <span class='ocrx_word' id='word_1_91' title='bbox 197 1498 312 1558; x_wconf 81' lang='lat' dir='ltr'>rescivi</span> <span class='ocrx_word' id='word_1_92' title='bbox 328 1498 503 1566; x_wconf 79' lang='lat' dir='ltr'><strong>sceleraex</strong></span> <span class='ocrx_word' id='word_1_93' title='bbox 517 1494 722 1560; x_wconf 85' lang='lat' dir='ltr'><strong>Mnesilocho</strong></span> <span class='ocrx_word' id='word_1_94' title='bbox 737 1509 806 1557; x_wconf 87' lang='lat' dir='ltr'><strong>tua.</strong></span> <span class='ocrx_word' id='word_1_95' title='bbox 1002 1541 1006 1578; x_wconf 37' lang='grc' dir='ltr'><strong>Ι.</strong></span> <span class='ocrx_word' id='word_1_96' title='bbox 1056 1514 1127 1578; x_wconf 72' lang='lat'><strong>745,</strong></span> 
     </span>
     <span class='ocr_line' id='line_1_15' title="bbox 59 1576 1048 1661; baseline 0.003 -24"><span class='ocrx_word' id='word_1_97' title='bbox 59 1576 127 1640; x_wconf 79' lang='lat' dir='ltr'><strong>Cn.</strong></span> <span class='ocrx_word' id='word_1_98' title='bbox 148 1578 240 1642; x_wconf 90' lang='lat' dir='ltr'><strong>Men’</strong></span> <span class='ocrx_word' id='word_1_99' title='bbox 256 1576 476 1646; x_wconf 72' lang='lat' dir='ltr'><strong>criminatustl</strong></span> <span class='ocrx_word' id='word_1_100' title='bbox 517 1576 656 1661; x_wconf 83' lang='lat' dir='ltr'><strong>Optume</strong></span> <span class='ocrx_word' id='word_1_101' title='bbox 668 1581 732 1642; x_wconf 85' lang='lat' dir='ltr'><strong>est!</strong></span> <span class='ocrx_word' id='word_1_102' title='bbox 755 1598 814 1660; x_wconf 79' lang='lat' dir='ltr'><strong>ego</strong></span> <span class='ocrx_word' id='word_1_103' title='bbox 828 1598 905 1654; x_wconf 81' lang='lat' dir='ltr'><strong>sum</strong></span> <span class='ocrx_word' id='word_1_104' title='bbox 914 1580 1048 1643; x_wconf 78' lang='lat' dir='ltr'><strong>malusl&#39;</strong></span> 
     </span>
     <span class='ocr_line' id='line_1_16' title="bbox 57 1658 876 1743; baseline 0.007 -23"><span class='ocrx_word' id='word_1_105' title='bbox 57 1658 134 1743; x_wconf 85' lang='lat' dir='ltr'><strong>Ego</strong></span> <span class='ocrx_word' id='word_1_106' title='bbox 151 1659 226 1722; x_wconf 59' lang='lat' dir='ltr'><strong>su&#39;m‘</strong></span> <span class='ocrx_word' id='word_1_107' title='bbox 235 1678 338 1731; x_wconf 86' lang='lat' dir='ltr'><strong>sacer,</strong></span> <span class='ocrx_word' id='word_1_108' title='bbox 361 1662 529 1723; x_wconf 84' lang='lat' dir='ltr'><strong>scelestus!</strong></span> <span class='ocrx_word' id='word_1_109' title='bbox 560 1660 674 1740; x_wconf 86' lang='lat' dir='ltr'><strong>Specta</strong></span> <span class='ocrx_word' id='word_1_110' title='bbox 687 1683 756 1723; x_wconf 85' lang='lat' dir='ltr'><strong>rem</strong></span> <span class='ocrx_word' id='word_1_111' title='bbox 770 1661 876 1726; x_wconf 84' lang='lat' dir='ltr'><strong>modo.</strong></span> 
     </span>
     <span class='ocr_line' id='line_1_17' title="bbox 58 1740 1062 1824; baseline 0.002 -23"><span class='ocrx_word' id='word_1_112' title='bbox 58 1740 135 1824; x_wconf 84' lang='lat' dir='ltr'><strong>Ego</strong></span> <span class='ocrx_word' id='word_1_113' title='bbox 150 1763 287 1804; x_wconf 88' lang='lat' dir='ltr'><strong>verum</strong></span> <span class='ocrx_word' id='word_1_114' title='bbox 302 1744 434 1804; x_wconf 81' lang='lat' dir='ltr'><strong>verbum</strong></span> <span class='ocrx_word' id='word_1_115' title='bbox 449 1744 581 1806; x_wconf 82' lang='lat' dir='ltr'><strong>faciam!</strong></span> <span class='ocrx_word' id='word_1_116' title='bbox 625 1744 681 1822; x_wconf 82' lang='grc' dir='ltr'><strong>Νι.</strong></span> <span class='ocrx_word' id='word_1_117' title='bbox 702 1744 829 1818; x_wconf 89' lang='lat' dir='ltr'><strong>Etiam,</strong></span> <span class='ocrx_word' id='word_1_118' title='bbox 849 1747 1015 1819; x_wconf 78' lang='lat' dir='ltr'><strong>carnnfex,</strong></span> <span class='ocrx_word' id='word_1_119' title='bbox 1059 1749 1062 1756; x_wconf 85' lang='lat'>&#39;</span> 
     </span>
     <span class='ocr_line' id='line_1_18' title="bbox 58 1822 1066 1906; baseline 0.004 -22"><span class='ocrx_word' id='word_1_120' title='bbox 58 1823 242 1886; x_wconf 81' lang='lat' dir='ltr'><strong>Minitnre?</strong></span> <span class='ocrx_word' id='word_1_121' title='bbox 285 1824 344 1886; x_wconf 76' lang='lat' dir='ltr'><strong>Cri.</strong></span> <span class='ocrx_word' id='word_1_122' title='bbox 365 1825 484 1886; x_wconf 78' lang='lat' dir='ltr'><strong>Nosces</strong></span> <span class='ocrx_word' id='word_1_123' title='bbox 500 1825 645 1889; x_wconf 89' lang='lat' dir='ltr'><strong>tuillum</strong></span> <span class='ocrx_word' id='word_1_124' title='bbox 660 1822 826 1899; x_wconf 84' lang='lat' dir='ltr'><strong>actutum,</strong></span> <span class='ocrx_word' id='word_1_125' title='bbox 848 1827 945 1906; x_wconf 53' lang='lat' dir='ltr'><strong>quali?</strong></span> <span class='ocrx_word' id='word_1_126' title='bbox 964 1828 1014 1891; x_wconf 83' lang='lat' dir='ltr'><strong>sit.</strong></span> <span class='ocrx_word' id='word_1_127' title='bbox 1063 1891 1066 1896; x_wconf 70' lang='grc'>,</span> 
     </span>
     <span class='ocr_line' id='line_1_19' title="bbox 59 1905 1117 1988; baseline 0.005 -19"><span class='ocrx_word' id='word_1_128' title='bbox 59 1908 163 1969; x_wconf 88' lang='lat' dir='ltr'><strong>Nunc</strong></span> <span class='ocrx_word' id='word_1_129' title='bbox 176 1905 269 1967; x_wconf 87' lang='lat' dir='ltr'><strong>hasce</strong></span> <span class='ocrx_word' id='word_1_130' title='bbox 291 1907 425 1969; x_wconf 86' lang='lat' dir='ltr'><strong>tabellas</strong></span> <span class='ocrx_word' id='word_1_131' title='bbox 440 1907 526 1968; x_wconf 80' lang='lat' dir='ltr'><strong>ferre</strong></span> <span class='ocrx_word' id='word_1_132' title='bbox 539 1928 593 1968; x_wconf 88' lang='lat' dir='ltr'><strong>me</strong></span> <span class='ocrx_word' id='word_1_133' title='bbox 605 1908 697 1983; x_wconf 82' lang='lat' dir='ltr'><strong>jussit</strong></span> <span class='ocrx_word' id='word_1_134' title='bbox 711 1907 792 1977; x_wconf 82' lang='lat' dir='ltr'><strong>tibi3</strong></span> <span class='ocrx_word' id='word_1_135' title='bbox 889 1915 892 1918; x_wconf 78' lang='grc'>’</span> <span class='ocrx_word' id='word_1_136' title='bbox 1054 1926 1117 1988; x_wconf 77' lang='lat'><strong>750</strong></span> 
     </span>
     <span class='ocr_line' id='line_1_20' title="bbox 60 1988 1064 2070; baseline 0.004 -22"><span class='ocrx_word' id='word_1_137' title='bbox 60 1988 199 2060; x_wconf 84' lang='lat' dir='ltr'><strong>Orabat,</strong></span> <span class='ocrx_word' id='word_1_138' title='bbox 221 1988 305 2068; x_wconf 90' lang='lat' dir='ltr'><strong>quod</strong></span> <span class='ocrx_word' id='word_1_139' title='bbox 321 1991 392 2050; x_wconf 87' lang='lat' dir='ltr'><strong>istic</strong></span> <span class='ocrx_word' id='word_1_140' title='bbox 405 2010 471 2051; x_wconf 90' lang='lat' dir='ltr'><strong>esse</strong></span> <span class='ocrx_word' id='word_1_141' title='bbox 487 1993 655 2070; x_wconf 88' lang='lat' dir='ltr'><strong>scriptum,</strong></span> <span class='ocrx_word' id='word_1_142' title='bbox 676 2004 715 2050; x_wconf 88' lang='lat' dir='ltr'><strong>ut</strong></span> <span class='ocrx_word' id='word_1_143' title='bbox 727 1988 830 2051; x_wconf 83' lang='lat' dir='ltr'><strong>fieret.</strong></span> <span class='ocrx_word' id='word_1_144' title='bbox 1060 1999 1064 2007; x_wconf 82' lang='lat'>&#39;</span> 
     </span>
     <span class='ocr_line' id='line_1_21' title="bbox 60 2069 1117 2154; baseline 0.001 -19"><span class='ocrx_word' id='word_1_145' title='bbox 60 2072 122 2136; x_wconf 87' lang='grc' dir='ltr'><strong>Νι.</strong></span> <span class='ocrx_word' id='word_1_146' title='bbox 145 2070 240 2135; x_wconf 85' lang='lat' dir='ltr'><strong>Cedo.</strong></span> <span class='ocrx_word' id='word_1_147' title='bbox 284 2070 343 2134; x_wconf 78' lang='lat' dir='ltr'><strong>Cn.</strong></span> <span class='ocrx_word' id='word_1_148' title='bbox 364 2069 467 2134; x_wconf 87' lang='lat' dir='ltr'><strong>Nosce</strong></span> <span class='ocrx_word' id='word_1_149' title='bbox 482 2076 620 2154; x_wconf 83' lang='lat' dir='ltr'><strong>signum.</strong></span> <span class='ocrx_word' id='word_1_150' title='bbox 661 2072 717 2135; x_wconf 83' lang='lat' dir='ltr'><strong>N1.</strong></span> <span class='ocrx_word' id='word_1_151' title='bbox 738 2071 833 2137; x_wconf 87' lang='lat' dir='ltr'><strong>Novi.</strong></span> <span class='ocrx_word' id='word_1_152' title='bbox 875 2070 941 2134; x_wconf 89' lang='lat' dir='ltr'><strong>Ubi</strong></span> <span class='ocrx_word' id='word_1_153' title='bbox 960 2074 1028 2153; x_wconf 85' lang='lat' dir='ltr'><strong>ipse</strong></span> <span class='ocrx_word' id='word_1_154' title='bbox 1047 2075 1117 2136; x_wconf 79' lang='lat' dir='ltr'><strong>est?</strong></span> 
     </span>
     <span class='ocr_line' id='line_1_22' title="bbox 280 2156 1118 2235; baseline 0.004 -21"><span class='ocrx_word' id='word_1_155' title='bbox 280 2167 283 2172; x_wconf 84' lang='lat'>&#39;</span> <span class='ocrx_word' id='word_1_156' title='bbox 906 2156 965 2226; x_wconf 76' lang='lat' dir='ltr'><strong>Cn.</strong></span> <span class='ocrx_word' id='word_1_157' title='bbox 987 2158 1118 2235; x_wconf 68' lang='lat' dir='ltr'><strong>Nesciet</strong></span> 
     </span>
    </p>
   </div>
   <div class='ocr_carea' id='block_1_4' title="bbox 63 2236 894 2316">
    <p class='ocr_par' dir='ltr' id='par_1_4' title="bbox 63 2236 894 2316">
     <span class='ocr_line' id='line_1_23' title="bbox 63 2236 894 2316; baseline -0.005 -15"><span class='ocrx_word' id='word_1_158' title='bbox 63 2237 128 2302; x_wconf 86' lang='lat' dir='ltr'><strong>Nil</strong></span> <span class='ocrx_word' id='word_1_159' title='bbox 141 2236 208 2314; x_wconf 85' lang='lat' dir='ltr'><strong>jam</strong></span> <span class='ocrx_word' id='word_1_160' title='bbox 220 2256 274 2297; x_wconf 86' lang='lat' dir='ltr'><strong>me</strong></span> <span class='ocrx_word' id='word_1_161' title='bbox 289 2248 413 2316; x_wconf 84' lang='lat' dir='ltr'><strong>oportet</strong></span> <span class='ocrx_word' id='word_1_162' title='bbox 426 2237 524 2309; x_wconf 83' lang='lat' dir='ltr'><strong>scire3</strong></span> <span class='ocrx_word' id='word_1_163' title='bbox 547 2238 663 2300; x_wconf 90' lang='lat' dir='ltr'><strong>oblitus</strong></span> <span class='ocrx_word' id='word_1_164' title='bbox 679 2258 753 2299; x_wconf 90' lang='lat' dir='ltr'><strong>sum</strong></span> <span class='ocrx_word' id='word_1_165' title='bbox 767 2238 894 2309; x_wconf 89' lang='lat' dir='ltr'><strong>omnia;</strong></span> 
     </span>
    </p>
   </div>
   <div class='ocr_carea' id='block_1_5' title="bbox 63 2317 1119 2979">
    <p class='ocr_par' dir='ltr' id='par_1_5' title="bbox 63 2317 1118 2735">
     <span class='ocr_line' id='line_1_24' title="bbox 65 2317 1031 2399; baseline 0 -20"><span class='ocrx_word' id='word_1_166' title='bbox 65 2319 157 2392; x_wconf 85' lang='lat' dir='ltr'><strong>Soio,</strong></span> <span class='ocrx_word' id='word_1_167' title='bbox 178 2337 232 2380; x_wconf 88' lang='lat' dir='ltr'><strong>me</strong></span> <span class='ocrx_word' id='word_1_168' title='bbox 246 2339 312 2380; x_wconf 86' lang='lat' dir='ltr'><strong>esse</strong></span> <span class='ocrx_word' id='word_1_169' title='bbox 330 2337 470 2380; x_wconf 76' lang='lat' dir='ltr'><strong>servomt</strong></span> <span class='ocrx_word' id='word_1_170' title='bbox 492 2322 600 2387; x_wconf 86' lang='lat' dir='ltr'><strong>nescio</strong></span> <span class='ocrx_word' id='word_1_171' title='bbox 615 2319 778 2390; x_wconf 86' lang='lat' dir='ltr'><strong>etiamid,</strong></span> <span class='ocrx_word' id='word_1_172' title='bbox 800 2317 884 2399; x_wconf 87' lang='lat' dir='ltr'><strong>quod</strong></span> <span class='ocrx_word' id='word_1_173' title='bbox 898 2320 973 2382; x_wconf 82' lang='lat' dir='ltr'><strong>scio.</strong></span> <span class='ocrx_word' id='word_1_174' title='bbox 988 2354 1031 2368; x_wconf 91' lang='lat'>-</span> 
     </span>
     <span class='ocr_line' id='line_1_25' title="bbox 63 2399 1118 2482; baseline -0.007 -16"><span class='ocrx_word' id='word_1_175' title='bbox 63 2405 164 2466; x_wconf 86' lang='lat' dir='ltr'><strong>Nunc</strong></span> <span class='ocrx_word' id='word_1_176' title='bbox 176 2402 216 2460; x_wconf 86' lang='lat' dir='ltr'><strong>ah</strong></span> <span class='ocrx_word' id='word_1_177' title='bbox 229 2414 400 2462; x_wconf 85' lang='lat' dir='ltr'><strong>transenna</strong></span> <span class='ocrx_word' id='word_1_178' title='bbox 413 2399 466 2462; x_wconf 89' lang='lat' dir='ltr'><strong>hic</strong></span> <span class='ocrx_word' id='word_1_179' title='bbox 483 2401 594 2464; x_wconf 81' lang='lat' dir='ltr'><strong>turdus</strong></span> <span class='ocrx_word' id='word_1_180' title='bbox 610 2401 806 2465; x_wconf 84' lang='lat' dir='ltr'><strong>lumbricum</strong></span> <span class='ocrx_word' id='word_1_181' title='bbox 822 2403 919 2482; x_wconf 86' lang='lat' dir='ltr'><strong>petit!</strong></span> <span class='ocrx_word' id='word_1_182' title='bbox 1044 2401 1118 2481; x_wconf 74' lang='lat'><strong>&#39;755</strong></span> 
     </span>
     <span class='ocr_line' id='line_1_26' title="bbox 63 2481 1113 2564; baseline 0.001 -20"><span class='ocrx_word' id='word_1_183' title='bbox 63 2481 332 2544; x_wconf 87' lang='lat' dir='ltr'><strong>Pendebithodie</strong></span> <span class='ocrx_word' id='word_1_184' title='bbox 348 2482 476 2564; x_wconf 80' lang='lat' dir='ltr'><strong>pulcret</strong></span> <span class='ocrx_word' id='word_1_185' title='bbox 497 2484 543 2546; x_wconf 87' lang='lat' dir='ltr'><strong>ita</strong></span> <span class='ocrx_word' id='word_1_186' title='bbox 556 2485 683 2548; x_wconf 89' lang='lat' dir='ltr'><strong>intendi</strong></span> <span class='ocrx_word' id='word_1_187' title='bbox 698 2485 802 2547; x_wconf 86' lang='lat' dir='ltr'><strong>tenus.</strong></span> <span class='ocrx_word' id='word_1_188' title='bbox 1109 2545 1113 2554; x_wconf 86' lang='grc'>,</span> 
     </span>
     <span class='ocr_line' id='line_1_27' title="bbox 63 2563 1072 2645; baseline -0.001 -18"><span class='ocrx_word' id='word_1_189' title='bbox 63 2564 124 2628; x_wconf 87' lang='grc' dir='ltr'><strong>Νι.</strong></span> <span class='ocrx_word' id='word_1_190' title='bbox 146 2563 325 2627; x_wconf 84' lang='lat' dir='ltr'><strong>Manedum</strong></span> <span class='ocrx_word' id='word_1_191' title='bbox 340 2583 527 2645; x_wconf 82' lang='lat' dir='ltr'><strong>parumper:</strong></span> <span class='ocrx_word' id='word_1_192' title='bbox 547 2568 612 2644; x_wconf 80' lang='lat' dir='ltr'><strong>jam</strong></span> <span class='ocrx_word' id='word_1_193' title='bbox 628 2587 708 2628; x_wconf 84' lang='lat' dir='ltr'><strong>exeo</strong></span> <span class='ocrx_word' id='word_1_194' title='bbox 723 2565 764 2626; x_wconf 85' lang='lat' dir='ltr'><strong>ad</strong></span> <span class='ocrx_word' id='word_1_195' title='bbox 778 2581 827 2640; x_wconf 82' lang='lat' dir='ltr'><strong>te,</strong></span> <span class='ocrx_word' id='word_1_196' title='bbox 849 2563 1018 2645; x_wconf 57' lang='lat' dir='ltr'><strong>Chrysalo.⁵</strong></span> <span class='ocrx_word' id='word_1_197' title='bbox 1056 2567 1072 2582; x_wconf 86' lang='grc'><strong>“’</strong></span> 
     </span>
     <span class='ocr_line' id='line_1_28' title="bbox 66 2645 973 2735; baseline 0 -28"><span class='ocrx_word' id='word_1_198' title='bbox 66 2646 129 2710; x_wconf 52' lang='lat' dir='ltr'><strong>Cn„</strong></span> <span class='ocrx_word' id='word_1_199' title='bbox 152 2645 197 2708; x_wconf 91' lang='lat' dir='ltr'><strong>Ut</strong></span> <span class='ocrx_word' id='word_1_200' title='bbox 212 2648 308 2707; x_wconf 78' lang='lat' dir='ltr'><strong>verba</strong></span> <span class='ocrx_word' id='word_1_201' title='bbox 324 2646 377 2708; x_wconf 86' lang='lat' dir='ltr'><strong>dat</strong></span> <span class='ocrx_word' id='word_1_202' title='bbox 392 2647 455 2710; x_wconf 87' lang='lat' dir='ltr'><strong>mi!</strong></span> <span class='ocrx_word' id='word_1_203' title='bbox 477 2661 515 2709; x_wconf 89' lang='lat' dir='ltr'><strong>ut</strong></span> <span class='ocrx_word' id='word_1_204' title='bbox 529 2651 653 2721; x_wconf 86' lang='lat' dir='ltr'><strong>nescio,</strong></span> <span class='ocrx_word' id='word_1_205' title='bbox 676 2669 773 2729; x_wconf 88' lang='lat' dir='ltr'><strong>quam</strong></span> <span class='ocrx_word' id='word_1_206' title='bbox 785 2668 853 2710; x_wconf 83' lang='lat' dir='ltr'><strong>rem</strong></span> <span class='ocrx_word' id='word_1_207' title='bbox 868 2651 973 2735; x_wconf 76' lang='lat' dir='ltr'><strong>gerat!</strong></span> 
     </span>
    </p>

    <p class='ocr_par' dir='ltr' id='par_1_6' title="bbox 66 2729 752 2811">
     <span class='ocr_line' id='line_1_29' title="bbox 66 2729 752 2811; baseline 0.007 -21"><span class='ocrx_word' id='word_1_208' title='bbox 66 2729 178 2791; x_wconf 85' lang='lat' dir='ltr'><strong>Servos</strong></span> <span class='ocrx_word' id='word_1_209' title='bbox 194 2730 321 2790; x_wconf 89' lang='lat' dir='ltr'><strong>arcessit</strong></span> <span class='ocrx_word' id='word_1_210' title='bbox 335 2732 442 2804; x_wconf 86' lang='lat' dir='ltr'><strong>intus,</strong></span> <span class='ocrx_word' id='word_1_211' title='bbox 464 2735 519 2811; x_wconf 91' lang='lat' dir='ltr'><strong>qui</strong></span> <span class='ocrx_word' id='word_1_212' title='bbox 532 2751 586 2792; x_wconf 88' lang='lat' dir='ltr'><strong>me</strong></span> <span class='ocrx_word' id='word_1_213' title='bbox 600 2734 752 2795; x_wconf 87' lang='lat' dir='ltr'><strong>vinciant.</strong></span> 
     </span>
    </p>

    <p class='ocr_par' dir='ltr' id='par_1_7' title="bbox 65 2812 1119 2979">
     <span class='ocr_line' id='line_1_30' title="bbox 65 2812 1119 2896; baseline 0.002 -21"><span class='ocrx_word' id='word_1_214' title='bbox 65 2814 156 2875; x_wconf 78' lang='lat' dir='ltr'><strong>‚Bene</strong></span> <span class='ocrx_word' id='word_1_215' title='bbox 172 2812 258 2873; x_wconf 88' lang='lat' dir='ltr'><strong>navis</strong></span> <span class='ocrx_word' id='word_1_216' title='bbox 269 2814 424 2895; x_wconf 82' lang='lat' dir='ltr'><strong>agitatur!</strong></span> <span class='ocrx_word' id='word_1_217' title='bbox 446 2812 557 2893; x_wconf 87' lang='lat' dir='ltr'><strong>pulcre</strong></span> <span class='ocrx_word' id='word_1_218' title='bbox 570 2814 649 2877; x_wconf 85' lang='lat' dir='ltr'><strong>haec</strong></span> <span class='ocrx_word' id='word_1_219' title='bbox 667 2816 831 2878; x_wconf 84' lang='lat' dir='ltr'><strong>confertur</strong></span> <span class='ocrx_word' id='word_1_220' title='bbox 843 2815 935 2878; x_wconf 84' lang='lat' dir='ltr'><strong>ratis!</strong></span> <span class='ocrx_word' id='word_1_221' title='bbox 1058 2814 1119 2896; x_wconf 79' lang='lat'><strong>760</strong></span> 
     </span>
     <span class='ocr_line' id='line_1_31' title="bbox 69 2894 808 2979; baseline 0.007 -24"><span class='ocrx_word' id='word_1_222' title='bbox 69 2894 134 2955; x_wconf 87' lang='lat' dir='ltr'><strong>Sed</strong></span> <span class='ocrx_word' id='word_1_223' title='bbox 147 2896 366 2958; x_wconf 80' lang='lat' dir='ltr'><strong>conticiscam:</strong></span> <span class='ocrx_word' id='word_1_224' title='bbox 387 2913 465 2957; x_wconf 88' lang='lat' dir='ltr'><strong>nam</strong></span> <span class='ocrx_word' id='word_1_225' title='bbox 478 2897 573 2958; x_wconf 88' lang='lat' dir='ltr'><strong>audio</strong></span> <span class='ocrx_word' id='word_1_226' title='bbox 587 2899 706 2979; x_wconf 79' lang='lat' dir='ltr'><strong>aperiri</strong></span> <span class='ocrx_word' id='word_1_227' title='bbox 722 2898 808 2962; x_wconf 81' lang='lat' dir='ltr'><strong>foris.</strong></span> 
     </span>
    </p>
   </div>
   <div class='ocr_carea' id='block_1_6' title="bbox 250 3023 939 3129">
    <p class='ocr_par' dir='ltr' id='par_1_8' title="bbox 250 3023 939 3129">
     <span class='ocr_line' id='line_1_32' title="bbox 250 3023 939 3129; baseline 0.003 -1"><span class='ocrx_word' id='word_1_228' title='bbox 250 3031 558 3128; x_wconf 77' lang='lat' dir='ltr'><strong>niconunns</strong></span> <span class='ocrx_word' id='word_1_229' title='bbox 618 3023 939 3129; x_wconf 71' lang='lat' dir='ltr'><strong>cirritanus,</strong></span> 
     </span>
    </p>
   </div>
   <div class='ocr_carea' id='block_1_7' title="bbox 66 3169 1168 4064">
    <p class='ocr_par' dir='ltr' id='par_1_9' title="bbox 67 3169 1117 3261">
     <span class='ocr_line' id='line_1_33' title="bbox 67 3169 1117 3261; baseline 0.002 -22"><span class='ocrx_word' id='word_1_230' title='bbox 67 3175 129 3239; x_wconf 88' lang='grc' dir='ltr'><strong>Νι.</strong></span> <span class='ocrx_word' id='word_1_231' title='bbox 151 3169 341 3261; x_wconf 78' lang='lat' dir='ltr'><strong>constringe</strong></span> <span class='ocrx_word' id='word_1_232' title='bbox 357 3190 393 3237; x_wconf 90' lang='lat' dir='ltr'><strong>tu</strong></span> <span class='ocrx_word' id='word_1_233' title='bbox 408 3176 470 3248; x_wconf 90' lang='lat' dir='ltr'><strong>illi,</strong></span> <span class='ocrx_word' id='word_1_234' title='bbox 490 3179 632 3250; x_wconf 77' lang='lat' dir='ltr'><strong>Artemo,</strong></span> <span class='ocrx_word' id='word_1_235' title='bbox 648 3191 796 3243; x_wconf 85' lang='lat' dir='ltr'><strong>actutum</strong></span> <span class='ocrx_word' id='word_1_236' title='bbox 811 3180 942 3240; x_wconf 84' lang='lat' dir='ltr'><strong>manus!</strong></span> <span class='ocrx_word' id='word_1_237' title='bbox 963 3181 983 3241; x_wconf 89' lang='lat' dir='ltr'><strong>i.</strong></span> <span class='ocrx_word' id='word_1_238' title='bbox 993 3179 1079 3246; x_wconf 59' lang='lat' dir='ltr'><strong>clv,</strong></span> <span class='ocrx_word' id='word_1_239' title='bbox 1090 3192 1117 3254; x_wconf 81' lang='lat'><strong>5.</strong></span> 
     </span>
    </p>

    <p class='ocr_par' dir='ltr' id='par_1_10' title="bbox 68 3258 1115 3342">
     <span class='ocr_line' id='line_1_34' title="bbox 68 3258 1115 3342; baseline -0.002 -21"><span class='ocrx_word' id='word_1_240' title='bbox 68 3259 132 3321; x_wconf 81' lang='lat' dir='ltr'><strong>Cn.</strong></span> <span class='ocrx_word' id='word_1_241' title='bbox 153 3260 239 3339; x_wconf 87' lang='lat' dir='ltr'><strong>Quid</strong></span> <span class='ocrx_word' id='word_1_242' title='bbox 259 3260 342 3321; x_wconf 81' lang='lat' dir='ltr'><strong>feci?</strong></span> <span class='ocrx_word' id='word_1_243' title='bbox 363 3258 420 3323; x_wconf 88' lang='grc' dir='ltr'><strong>Νι.</strong></span> <span class='ocrx_word' id='word_1_244' title='bbox 442 3258 577 3341; x_wconf 82' lang='lat' dir='ltr'><strong>Inpinge</strong></span> <span class='ocrx_word' id='word_1_245' title='bbox 591 3280 749 3342; x_wconf 80' lang='lat' dir='ltr'><strong>pugnum,</strong></span> <span class='ocrx_word' id='word_1_246' title='bbox 765 3262 1005 3324; x_wconf 85' lang='lat' dir='ltr'><strong>simuttiverit!</strong></span> <span class='ocrx_word' id='word_1_247' title='bbox 1026 3285 1068 3300; x_wconf 82' lang='lat'><strong>--</strong></span> <span class='ocrx_word' id='word_1_248' title='bbox 1111 3283 1115 3296; x_wconf 82' lang='lat'><strong>·</strong></span> 
     </span>
    </p>

    <p class='ocr_par' dir='ltr' id='par_1_11' title="bbox 68 3340 1120 3509">
     <span class='ocr_line' id='line_1_35' title="bbox 68 3340 1112 3485; baseline 0.007 -84"><span class='ocrx_word' id='word_1_249' title='bbox 68 3342 161 3485; x_wconf 62' lang='lat' dir='ltr'><strong>guid</strong></span> <span class='ocrx_word' id='word_1_250' title='bbox 179 3342 258 3404; x_wconf 86' lang='lat' dir='ltr'><strong>haec</strong></span> <span class='ocrx_word' id='word_1_251' title='bbox 277 3342 450 3421; x_wconf 81' lang='lat' dir='ltr'><strong>loquuntur</strong></span> <span class='ocrx_word' id='word_1_252' title='bbox 469 3342 619 3405; x_wconf 78' lang='lat' dir='ltr'><strong>litterae?</strong></span> <span class='ocrx_word' id='word_1_253' title='bbox 655 3341 715 3404; x_wconf 78' lang='lat' dir='ltr'><strong>Cn.</strong></span> <span class='ocrx_word' id='word_1_254' title='bbox 737 3343 825 3422; x_wconf 77' lang='lat' dir='ltr'><strong>Quid</strong></span> <span class='ocrx_word' id='word_1_255' title='bbox 843 3364 897 3407; x_wconf 84' lang='lat' dir='ltr'><strong>me</strong></span> <span class='ocrx_word' id='word_1_256' title='bbox 916 3340 1047 3428; x_wconf 66' lang='lat' dir='ltr'><strong>rogasl.</strong></span> <span class='ocrx_word' id='word_1_257' title='bbox 1109 3371 1112 3378; x_wconf 64' lang='grc'><em>’</em></span> 
     </span>
     <span class='ocr_line' id='line_1_36' title="bbox 103 3422 1120 3509; baseline 0 -24"><span class='ocrx_word' id='word_1_258' title='bbox 103 3439 126 3485; x_wconf 83' lang='lat' dir='ltr'><strong>t</strong></span> <span class='ocrx_word' id='word_1_259' title='bbox 139 3424 179 3484; x_wconf 84' lang='lat' dir='ltr'><strong>ab</strong></span> <span class='ocrx_word' id='word_1_260' title='bbox 197 3426 257 3487; x_wconf 87' lang='lat' dir='ltr'><strong>illo</strong></span> <span class='ocrx_word' id='word_1_261' title='bbox 277 3426 393 3505; x_wconf 82' lang='lat' dir='ltr'><strong>accepi,</strong></span> <span class='ocrx_word' id='word_1_262' title='bbox 415 3422 455 3482; x_wconf 87' lang='lat' dir='ltr'><strong>ad</strong></span> <span class='ocrx_word' id='word_1_263' title='bbox 476 3437 508 3484; x_wconf 90' lang='lat' dir='ltr'><strong>te</strong></span> <span class='ocrx_word' id='word_1_264' title='bbox 530 3423 710 3509; x_wconf 82' lang='lat' dir='ltr'><strong>obsignatas</strong></span> <span class='ocrx_word' id='word_1_265' title='bbox 729 3427 836 3490; x_wconf 86' lang='lat' dir='ltr'><strong>attuli.</strong></span> <span class='ocrx_word' id='word_1_266' title='bbox 1061 3426 1120 3504; x_wconf 81' lang='lat'><strong>765</strong></span> 
     </span>
    </p>

    <p class='ocr_par' dir='ltr' id='par_1_12' title="bbox 69 3505 807 3590">
     <span class='ocr_line' id='line_1_37' title="bbox 69 3505 807 3590; baseline 0 -21"><span class='ocrx_word' id='word_1_267' title='bbox 69 3507 128 3569; x_wconf 90' lang='grc' dir='ltr'><strong>Νι.</strong></span> <span class='ocrx_word' id='word_1_268' title='bbox 148 3505 219 3570; x_wconf 90' lang='lat' dir='ltr'><strong>Eho</strong></span> <span class='ocrx_word' id='word_1_269' title='bbox 239 3520 287 3581; x_wconf 86' lang='lat' dir='ltr'><strong>tu,</strong></span> <span class='ocrx_word' id='word_1_270' title='bbox 307 3507 520 3587; x_wconf 85' lang='lat' dir='ltr'><strong>loquitatusne</strong></span> <span class='ocrx_word' id='word_1_271' title='bbox 541 3527 574 3566; x_wconf 89' lang='lat' dir='ltr'><strong>es</strong></span> <span class='ocrx_word' id='word_1_272' title='bbox 595 3522 691 3590; x_wconf 84' lang='lat' dir='ltr'><strong>gnato</strong></span> <span class='ocrx_word' id='word_1_273' title='bbox 711 3528 807 3569; x_wconf 83' lang='lat' dir='ltr'><strong>meo·</strong></span> 
     </span>
    </p>

    <p class='ocr_par' dir='ltr' id='par_1_13' title="bbox 69 3588 1000 3670">
     <span class='ocr_line' id='line_1_38' title="bbox 69 3588 1000 3670; baseline 0.001 -19"><span class='ocrx_word' id='word_1_274' title='bbox 69 3588 161 3651; x_wconf 86' lang='lat' dir='ltr'><strong>Male</strong></span> <span class='ocrx_word' id='word_1_275' title='bbox 180 3608 238 3670; x_wconf 86' lang='lat' dir='ltr'><strong>per</strong></span> <span class='ocrx_word' id='word_1_276' title='bbox 257 3608 446 3659; x_wconf 87' lang='lat' dir='ltr'><strong>sermonem,</strong></span> <span class='ocrx_word' id='word_1_277' title='bbox 467 3588 542 3668; x_wconf 89' lang='lat' dir='ltr'><strong>quia</strong></span> <span class='ocrx_word' id='word_1_278' title='bbox 560 3589 644 3650; x_wconf 88' lang='lat' dir='ltr'><strong>mihi</strong></span> <span class='ocrx_word' id='word_1_279' title='bbox 663 3590 697 3650; x_wconf 85' lang='lat' dir='ltr'><strong>id</strong></span> <span class='ocrx_word' id='word_1_280' title='bbox 717 3611 834 3664; x_wconf 84' lang='lat' dir='ltr'><strong>aurum</strong></span> <span class='ocrx_word' id='word_1_281' title='bbox 850 3589 1000 3657; x_wconf 84' lang='lat' dir='ltr'><strong>reddidit,</strong></span> 
     </span>
    </p>

    <p class='ocr_par' dir='ltr' id='par_1_14' title="bbox 66 3669 821 3740">
     <span class='ocr_line' id='line_1_39' title="bbox 66 3669 821 3740; baseline -0.001 -6"><span class='ocrx_word' id='word_1_282' title='bbox 66 3670 116 3735; x_wconf 85' lang='lat' dir='ltr'><strong>Et</strong></span> <span class='ocrx_word' id='word_1_283' title='bbox 136 3685 169 3732; x_wconf 81' lang='lat' dir='ltr'><strong>te</strong></span> <span class='ocrx_word' id='word_1_284' title='bbox 189 3672 301 3731; x_wconf 83' lang='lat' dir='ltr'><strong>dixisti</strong></span> <span class='ocrx_word' id='word_1_285' title='bbox 320 3669 357 3730; x_wconf 87' lang='lat' dir='ltr'><strong>id</strong></span> <span class='ocrx_word' id='word_1_286' title='bbox 377 3691 491 3731; x_wconf 84' lang='lat' dir='ltr'><strong>aurum</strong></span> <span class='ocrx_word' id='word_1_287' title='bbox 510 3672 693 3734; x_wconf 78' lang='lat' dir='ltr'><strong>ablaturum</strong></span> <span class='ocrx_word' id='word_1_288' title='bbox 711 3688 821 3740; x_wconf 81' lang='lat' dir='ltr'><strong>tamen</strong></span> 
     </span>
    </p>

    <p class='ocr_par' dir='ltr' id='par_1_15' title="bbox 70 3752 1001 3837">
     <span class='ocr_line' id='line_1_40' title="bbox 70 3752 1001 3837; baseline -0.002 -20"><span class='ocrx_word' id='word_1_289' title='bbox 70 3756 134 3817; x_wconf 89' lang='lat' dir='ltr'><strong>Per</strong></span> <span class='ocrx_word' id='word_1_290' title='bbox 149 3754 413 3835; x_wconf 76' lang='lat' dir='ltr'><strong>sycophantiam?</strong></span> <span class='ocrx_word' id='word_1_291' title='bbox 449 3753 507 3818; x_wconf 73' lang='lat'><strong>011.</strong></span> <span class='ocrx_word' id='word_1_292' title='bbox 520 3754 631 3837; x_wconf 85' lang='lat' dir='ltr'><strong>Egone</strong></span> <span class='ocrx_word' id='word_1_293' title='bbox 645 3756 727 3817; x_wconf 89' lang='lat' dir='ltr'><strong>istuc</strong></span> <span class='ocrx_word' id='word_1_294' title='bbox 744 3757 834 3816; x_wconf 82' lang='lat' dir='ltr'><strong>diri?</strong></span> <span class='ocrx_word' id='word_1_295' title='bbox 862 3752 926 3815; x_wconf 80' lang='lat' dir='ltr'><strong>Nn·</strong></span> <span class='ocrx_word' id='word_1_296' title='bbox 940 3753 1001 3815; x_wconf 67' lang='lat' dir='ltr'><strong>Ita:</strong></span> 
     </span>
    </p>

    <p class='ocr_par' dir='ltr' id='par_1_16' title="bbox 70 3859 1168 4006">
     <span class='ocr_line' id='line_1_41' title="bbox 70 3859 1168 4006; baseline 0.002 -27"><span class='ocrx_word' id='word_1_297' title='bbox 70 3874 204 4006; x_wconf 65' lang='grc' dir='ltr'><strong>...ιι</strong></span> <span class='ocrx_word' id='word_1_298' title='bbox 217 3861 683 4006; x_wconf 44' lang='lat' dir='ltr'><strong>lectitantium</strong></span> <span class='ocrx_word' id='word_1_299' title='bbox 699 3863 735 3982; x_wconf 69' lang='lat' dir='ltr'><strong>{t</strong></span> <span class='ocrx_word' id='word_1_300' title='bbox 749 3859 1122 3981; x_wconf 52' lang='lat' dir='ltr'><strong>:titiunculum</strong></span> <span class='ocrx_word' id='word_1_301' title='bbox 1159 3895 1168 3908; x_wconf 91' lang='lat'><strong>··</strong></span> 
     </span>
    </p>

    <p class='ocr_par' dir='ltr' id='par_1_17' title="bbox 71 3992 1121 4064">
     <span class='ocr_line' id='line_1_42' title="bbox 71 3992 1121 4064; baseline 0 -17"><span class='ocrx_word' id='word_1_302' title='bbox 71 4010 197 4047; x_wconf 73' lang='lat' dir='ltr'><strong>invicem</strong></span> <span class='ocrx_word' id='word_1_303' title='bbox 214 3993 345 4051; x_wconf 81' lang='lat' dir='ltr'><strong>offecere.</strong></span> <span class='ocrx_word' id='word_1_304' title='bbox 375 3996 436 4046; x_wconf 92' lang='lat' dir='ltr'><strong>Hoc</strong></span> <span class='ocrx_word' id='word_1_305' title='bbox 453 4003 550 4046; x_wconf 77' lang='lat' dir='ltr'><strong>nutem</strong></span> <span class='ocrx_word' id='word_1_306' title='bbox 567 4005 610 4046; x_wconf 84' lang='lat' dir='ltr'><strong>est</strong></span> <span class='ocrx_word' id='word_1_307' title='bbox 624 3995 769 4059; x_wconf 80' lang='lat' dir='ltr'><strong>minitari,</strong></span> <span class='ocrx_word' id='word_1_308' title='bbox 784 4012 858 4059; x_wconf 80' lang='lat' dir='ltr'><strong>non,</strong></span> <span class='ocrx_word' id='word_1_309' title='bbox 885 3992 961 4064; x_wconf 86' lang='lat' dir='ltr'><strong>quod</strong></span> <span class='ocrx_word' id='word_1_310' title='bbox 978 3995 1063 4062; x_wconf 80' lang='lat' dir='ltr'><strong>vulgo</strong></span> <span class='ocrx_word' id='word_1_311' title='bbox 1080 3994 1121 4047; x_wconf 88' lang='lat' dir='ltr'><strong>le·</strong></span> 
     </span>
    </p>
   </div>
   <div class='ocr_carea' id='block_1_8' title="bbox 69 4058 1123 4202">
    <p class='ocr_par' dir='ltr' id='par_1_18' title="bbox 69 4058 1123 4202">
     <span class='ocr_line' id='line_1_43' title="bbox 69 4058 1123 4181; baseline -0.001 -67"><span class='ocrx_word' id='word_1_312' title='bbox 69 4062 173 4181; x_wconf 58' lang='lat' dir='ltr'><strong>fitur,</strong></span> <span class='ocrx_word' id='word_1_313' title='bbox 188 4062 248 4128; x_wconf 71' lang='lat' dir='ltr'><strong>Ego</strong></span> <span class='ocrx_word' id='word_1_314' title='bbox 265 4062 372 4113; x_wconf 76' lang='lat' dir='ltr'><strong>verium</strong></span> <span class='ocrx_word' id='word_1_315' title='bbox 382 4062 502 4128; x_wconf 79' lang='lat' dir='ltr'><strong>faciam.</strong></span> <span class='ocrx_word' id='word_1_316' title='bbox 532 4058 622 4129; x_wconf 67' lang='lat'><strong>3⁶⁶*</strong></span> <span class='ocrx_word' id='word_1_317' title='bbox 661 4063 792 4126; x_wconf 59' lang='lat' dir='ltr'><strong>uuarba</strong></span> <span class='ocrx_word' id='word_1_318' title='bbox 807 4061 904 4128; x_wconf 73' lang='lat' dir='ltr'><strong>loquis.</strong></span> <span class='ocrx_word' id='word_1_319' title='bbox 917 4068 947 4113; x_wconf 85' lang='lat' dir='ltr'><strong>et</strong></span> <span class='ocrx_word' id='word_1_320' title='bbox 958 4059 1055 4130; x_wconf 79' lang='lat' dir='ltr'><strong>Egone</strong></span> <span class='ocrx_word' id='word_1_321' title='bbox 1065 4076 1123 4113; x_wconf 86' lang='lat' dir='ltr'><strong>non</strong></span> 
     </span>
     <span class='ocr_line' id='line_1_44' title="bbox 85 4125 1103 4202; baseline 0.004 -23"><span class='ocrx_word' id='word_1_322' title='bbox 85 4130 247 4198; x_wconf 78' lang='lat' dir='ltr'><strong>iquescunt.</strong></span> <span class='ocrx_word' id='word_1_323' title='bbox 280 4128 338 4179; x_wconf 74' lang='lat' dir='ltr'><strong>nto</strong></span> <span class='ocrx_word' id='word_1_324' title='bbox 354 4129 545 4198; x_wconf 82' lang='lat' dir='ltr'><strong>posteriorem</strong></span> <span class='ocrx_word' id='word_1_325' title='bbox 560 4125 632 4197; x_wconf 76' lang='lat' dir='ltr'><strong>sylla</strong></span> <span class='ocrx_word' id='word_1_326' title='bbox 653 4144 700 4182; x_wconf 80' lang='lat' dir='ltr'><strong>ant</strong></span> <span class='ocrx_word' id='word_1_327' title='bbox 713 4128 854 4202; x_wconf 74' lang='lat' dir='ltr'><strong>producit·</strong></span> <span class='ocrx_word' id='word_1_328' title='bbox 1014 4165 1018 4172; x_wconf 88' lang='lat'><em>-</em></span> <span class='ocrx_word' id='word_1_329' title='bbox 1099 4161 1103 4169; x_wconf 80' lang='lat'>,</span> 
     </span>
    </p>
   </div>
   <div class='ocr_carea' id='block_1_9' title="bbox 1037 3659 1043 3694">
    <p class='ocr_par' dir='ltr' id='par_1_19' title="bbox 1037 3659 1043 3694">
     <span class='ocr_line' id='line_1_45' title="bbox 1037 3659 1043 3694; baseline 0 0"><span class='ocrx_word' id='word_1_330' title='bbox 1037 3659 1043 3694; x_wconf 81' lang='lat' dir='ltr'><strong>l</strong></span> 
     </span>
    </p>
   </div>
   <div class='ocr_carea' id='block_1_10' title="bbox 0 0 1381 4659">
    <p class='ocr_par' dir='ltr' id='par_1_20' title="bbox 0 0 1381 4659">
     <span class='ocr_line' id='line_1_46' title="bbox 0 0 1381 4659; baseline 0 0"><span class='ocrx_word' id='word_1_331' title='bbox 0 0 1381 4659; x_wconf 95' lang='lat' dir='ltr'><strong> </strong></span> 
     </span>
    </p>
   </div>
  </div>
 </body>
</html>
