2725 4659
455 275 697 347 animans.
903 345 905 352 ,
997 307 1099 375 *aaa

41 459 113 542 Ego
134 462 218 539 quod
237 455 400 526 benefeci,
419 453 588 517 malefecit
615 453 690 533 quia
711 474 803 519 amor
820 460 959 522 metavit
977 460 1097 529 locum.

41 541 98 604 Sa.
121 543 326 621 Desipiebam
339 539 470 608 mentis,
492 557 590 617 quom
609 538 680 597 illas
695 541 828 614 scriptas
842 544 1011 605 mittebam
1028 548 1099 612 tibi.
1117 547 1119 549 ’
1218 536 1222 543 x

40 623 99 686 ΕΡ.
122 623 212 686 Men'
233 622 430 702 piacularem
450 632 575 701 oportet
594 619 668 680 fieri
688 620 729 680 ob
750 622 921 686 stultitiam
941 638 1049 701 tuam‚'
1084 632 1087 647 ‘

40 705 90 765 Ut
109 727 223 768 meum
243 719 373 786 tergum
383 717 458 764 tuae
472 702 625 766 stultitiae
639 702 757 764 subdas
774 707 1020 769 succidaneum?
1043 730 1101 790 ¹55

41 785 98 851 Sa.
123 789 211 871 Quid
230 789 300 850 istic
314 787 450 853 facimus
469 786 588 849 verba?
616 785 704 846 Huic
720 786 848 848 homini
863 810 942 870 opus
956 805 1002 851 est
1025 811 1101 873 qua·

558 872 705 951 draginta
726 872 824 930 minis
977 875 999 933 i.
1014 887 1037 937 t.

41 953 204 1014 Celeriter
224 951 343 1023 calidis,
365 951 506 1012 danistae
522 969 603 1029 =quas
623 951 770 1024 resolvas,
791 965 823 1012 et
843 955 916 1016 cito.

38 1032 100 1095 ΕΡ.
120 1034 182 1095 Dic
201 1034 308 1106 modo,
329 1033 414 1094 unde
429 1034 554 1094 auferre
574 1027 693 1095 vis'rne.
715 1036 744 1091 A
759 1053 820 1112 quo
836 1037 986 1115 trapezita
1001 1039 1101 1125 ρεῑοῇ

40 1118 108 1182 Cn.
136 1117 231 1177 Unde
261 1116 361 1178 lubet.
398 1119 485 1179 Nam
507 1116 543 1176 ni
567 1129 643 1176 ante
669 1114 773 1177 solem
803 1136 949 1178 occasum
977 1118 1101 1178 elicies:

861 1220 903 1260 aa.
919 1198 1009 1262 aith.

39 1281 156 1341 Meam
173 1280 308 1341 domum
327 1300 370 1341 ne
384 1279 516 1351 inbitas3
538 1291 607 1341 tute
628 1280 640 1339 i
660 1280 696 1339 in
706 1281 890 1359 pistrinum.
909 1282 929 1342 i.
939 1296 979 1342 tr.
987 1282 1021 1344 h.
1045 1296 1103 1361 140

40 1365 103 1425 ΕΡ.
126 1363 234 1422 Facile
243 1374 279 1421 tu
291 1365 374 1422 istuc
389 1363 458 1421 sine
473 1363 593 1442 periclo
610 1375 642 1422 et
655 1381 741 1435 cura,
751 1365 844 1425 corde
854 1362 966 1437 libero,
987 1379 1012 1424 t.
1020 1377 1045 1426 t.
1054 1382 1082 1427 c.

38 1444 224 1523 Fabulare3
244 1446 321 1503 novi
334 1458 547 1524 egenostroa:
570 1443 653 1504 mihi
666 1445 765 1515 dolet,
781 1465 878 1527 quom
895 1467 955 1529 ego
973 1448 1101 1525 vapulo.

39 1523 97 1590 Sr.
122 1526 209 1608 Quid
229 1539 266 1586 tu
284 1526 395 1586 nunc?
417 1526 582 1600 Patierin’,
602 1540 639 1588 ut
659 1546 721 1607 ego
741 1549 795 1588 me
815 1530 1028 1589 interimam?

108 1639 112 1648 .
829 1610 885 1673 ΕΡ.
907 1612 959 1671 Ne
977 1611 1103 1677 feceris.

38 1691 114 1774 Ego
133 1692 217 1750 istuc
239 1690 388 1751 accedam
405 1691 567 1771 periclum
587 1688 692 1768 potins
713 1702 808 1768 atque
828 1692 1005 1756 audaciam.
1027 1696 1082 1758 it.

40 1773 96 1836 Sa.
120 1773 216 1834 Nunc
237 1773 359 1852 places3
379 1790 467 1833 nunc
482 1793 542 1856 ego
562 1785 595 1832 te
616 1771 727 1834 laudo.⁴
753 1775 810 1836 ΕΡ.
830 1775 935 1836 Patiar
949 1795 1008 1857 ego
1021 1779 1103 1838 istuc

558 1855 742 1933 quodlubet.
904 1870 1000 1921 atro.
1045 1874 1103 1938 145

40 1936 95 1998 So.
109 1936 209 2017 Quid
229 1937 268 1998 de
288 1936 346 1997 illa
366 1936 423 1997 fiet
436 1936 567 1998 fidicina
587 1939 712 2015 igitur?
734 1936 791 1996 ΕΡ.
805 1938 920 2018 Aliqua
939 1943 991 2000 ree
1011 1958 1102 2022 repe·

557 2021 690 2080 ribitur·
898 2032 900 2037 ’
974 2024 1004 2085 i.
1017 2036 1043 2087 t.

40 2099 166 2181 Aliqua
190 2121 249 2182 ope
275 2100 453 2175 exsolvam,
483 2059 799 2181 extricabordliqua.
820 2098 876 2168 Sr.
890 2102 1009 2166 Plenus
1028 2122 1104 2167 con·

202 2224 205 2231 -
560 2185 612 2245 sili
633 2203 682 2243 es:
935 2198 959 2246 t.
976 2199 999 2249 t,
1013 2202 1041 2249 c.
1056 2219 1058 2223 ·

40 2266 130 2331 Novi
150 2284 209 2348 ego
228 2274 275 2330 te.'
291 2264 348 2328 ΕΡ.
368 2265 424 2327 Est
439 2266 603 2335 Euboicus
624 2266 717 2326 miles
729 2266 881 2348 locuples,
897 2269 1006 2329 multo
1025 2288 1102 2332 auto

174 2386 176 2391 .
558 2361 683 2429 potens,
1084 2422 1090 2430 ι

43 2434 126 2514 Qui,
147 2432 205 2492 ubi
225 2432 286 2492 tibi
306 2434 402 2493 istam
422 2443 545 2493 emtam
566 2450 632 2491 esse
653 2430 745 2492 scibit
774 2445 870 2513 atque
895 2432 980 2496 hanc
1004 2434 1102 2496 addu-

559 2524 645 2573 ctam
665 2512 816 2585 alteram,

42 2598 209 2659 Continuo
230 2610 263 2657 te
284 2596 387 2657 orabit
407 2596 505 2668 ultro,
526 2609 563 2656 ut
582 2595 675 2654 illam
695 2599 855 2659 tramittas
876 2599 944 2658 sibi.
1043 2618 1100 2678 150

41 2679 109 2742 Sed
129 2679 188 2739 ubi
206 2678 263 2739 illa
282 2692 339 2750 est,
361 2698 456 2758 quam
469 2687 508 2738 tu
521 2677 683 2820 adfflmmi
696 2681 830 2741 tecum?
857 2679 914 2745 Sa.
940 2680 1012 2744 Jam
1026 2683 1102 2744 faxo

588 2763 615 2821 'c
634 2760 706 2821 erit.

41 2848 106 2910 Cn.
131 2842 221 2924 Quid
239 2844 292 2906 hio
309 2862 396 2904 nuuc
416 2844 569 2928 agimus?
599 2841 654 2903 Sr.
675 2837 794 2905 Eamus
813 2847 899 2906 intro
919 2845 1036 2920 hncad
1049 2861 1100 2915 te:

560 2938 595 2986 ut
615 2927 703 2986 hunc
723 2924 820 2988 hodie
841 2927 928 2991 diem
983 2931 1006 2989 i.
1018 2945 1043 2993 t.

39 3008 228 3071 Luculente
252 3009 437 3071 habeamus.
475 3006 529 3069 ΕΡ.
560 3008 609 3069 Ite
637 3012 743 3068 intro:
772 3029 833 3091 ego
864 3008 960 3074 dere
989 3008 1103 3096 argen-

558 3094 639 3152 taria
771 3096 773 3101 ’
950 3110 1040 3161 t.t.c.

39 3176 118 3237 dam
139 3186 287 3235 senatum
307 3173 483 3236 convocabo
500 3174 537 3232 in
556 3173 650 3234 corde
671 3173 899 3253 consiliarium,

42 3260 136 3339 Quoi
155 3257 359 3336 potissimum
385 3255 544 3318 indicatur
563 3255 714 3398 fbellum,
743 3256 828 3318 unde
856 3273 1029 3345 argentum
1048 3278 1103 3323 au-

578 3360 675 3401 eram.
697 3366 737 3376 -
999 3390 1006 3399 .
1044 3364 1056 3402 1

41 3421 193 3504 Epidico,
202 3422 284 3494 vide,
301 3424 377 3500 quid
393 3441 483 3505 agas:
498 3423 544 3482 ita
557 3443 606 3483 res
618 3421 723 3483 subito
736 3421 816 3483 haec
826 3424 952 3499 'objecta
968 3439 1017 3487 est
1030 3362 1103 3487 add.

41 3508 124 3570 Non
143 3508 234 3567 enim
260 3523 348 3566 nunc
378 3506 440 3566 tibi
459 3504 700 3567 dormitandum
726 3525 831 3586 neque
852 3507 1024 3569 cunctandi
1050 3528 1102 3568 co·

559 3588 612 3668 pia
632 3601 690 3650 est.
787 3666 790 3671 ¹

45 3728 78 3842 ἡ,
114 3774 174 3840 137.
197 3760 244 3814 Sic
271 3766 338 3820 vett.
355 3760 409 3840 3V3r
432 3760 559 3816 resolvat.
617 3776 672 3829 1392
696 3758 823 3839 Imnggm
847 3762 962 3842 εἰσίασι.
985 3762 1034 3815 va
1052 3764 1103 3817 elo.

43 3830 156 3882 Pastori
173 3829 306 3897 placebat
324 3828 412 3880 elicis.
470 3843 526 3895 ¹4⁰·
550 3830 598 3881 V.=
625 3843 683 3880 rute
706 3845 735 3878 ιη
757 3849 783 3896 p.
815 3830 924 3898 Rapuit
948 3832 1105 3885 ilrttenm

44 3902 230 3970 praepositio.
248 3901 278 3951 si
295 3900 388 3952 Meam
405 3900 519 3971 legatur
535 3897 725 3970 μονοσυλλάβως,
744 3903 798 3953 erit
819 3901 868 3952 hic
892 3917 987 3952 versus
1004 3904 1104 3956 similis

44 3986 231 4041 praegress03
255 3971 303 4023 sed
319 3971 421 4026 nralim
442 3974 527 4043 plene
543 3978 673 4033 exaudiri
692 3992 790 4029 vocem
807 3974 1010 4043 gravissimam.
1047 3977 1103 4042 146.

42 4042 76 4156 Vl.
96 4055 211 4092 resnou
230 4039 344 4155 iggitur.
362 4040 425 4092 Sed.
443 4050 498 4094 vet.
515 4045 577 4097 cod.
595 4045 708 4102 Camer.
726 4041 836 4094 Palaia·
849 4040 948 4094 Gueil.
965 4041 1103 4096 numia:

45 4124 85 4156 a.
106 4121 135 4155 re
152 4122 237 4173 repert
256 4144 263 4160 .
