2725 4659
250 305 326 394 ²24
551 284 639 378 [Μ.
679 286 724 352 a.
771 281 955 354 rusum
1079 329 1085 342 .

251 463 312 529 cr.
326 461 406 543 Quis
412 460 510 524 homo
517 462 639 540 eat,qni
646 461 741 534 dicat,
749 482 803 540 me
811 462 927 524 dixisse
940 461 1044 522 istuc?
1058 461 1115 526 Νι.
1123 460 1232 536 Tace;
1255 483 1311 544 770

249 545 370 609 Nullus
384 546 482 607 homo
497 544 592 605 dicit:
613 542 694 604 haec
714 544 852 605 tabellae
872 558 905 605 te
926 557 1072 628 arguunt,

252 629 338 707 Quas
360 641 397 689 tu
418 627 565 691 attulisti.
595 625 693 697 Hem,
715 625 777 686 hae
796 639 831 687 te
851 627 965 687 vinciri
985 625 1116 704 jubent!

245 713 311 774 Cn.
336 710 414 781 Aha,
432 708 716 789 Bellerophontem
736 721 807 768 tuos
828 729 881 768 me
902 709 981 770 iecit
1002 703 1105 770 filius:

247 793 386 877 Egomet
406 794 537 854 tabellas
557 792 672 864 tetuli,
693 803 731 850 ut
750 792 904 852 vincirer!
927 823 967 835 —
988 789 1078 851 Sine!

247 877 305 940 Νι.
326 877 497 955 Propterea
517 873 579 935 hoc
600 874 702 934 facio:
723 886 760 933 ut
780 873 910 933 suadeas
930 887 1028 957 gnato
1048 891 1135 948 meo,
1248 894 1306 960 775

249 959 297 1020 Ut
316 972 543 1041 pergraecetur
563 969 685 1029 tecum,
707 955 917 1017 tarvenefice!
963 969 967 976 ’

250 1042 311 1103 Cn.
333 1040 361 1100 Ο
383 1041 490 1113 stulte,
510 1038 618 1112 stulte,
639 1040 743 1100 nescis
763 1053 851 1098 nunc
872 1040 984 1099 venire
1005 1048 1054 1110 t'e3
1177 1043 1180 1050 ⁴
1249 1049 1269 1112 ᾗ

247 1128 354 1205 Atque
374 1126 411 1185 in
431 1141 469 1183 eo
489 1123 558 1204 ipso
579 1121 681 1182 adstas
701 1121 816 1201 lapide,
839 1134 875 1181 ut
897 1140 1010 1203 praeco
1030 1121 1205 1203 praedicat.

247 1211 304 1273 Νι.
326 1206 510 1284 Responde:
533 1205 604 1284 quis
624 1221 678 1265 me
699 1202 835 1262 rendit?
858 1203 917 1264 Cu.
935 1204 1043 1282 Quem
1059 1204 1091 1265 di
1107 1204 1264 1287 diligunt,

135 1291 142 1309 ¹
246 1281 441 1351 Adulescens
463 1288 611 1359 moritur,
632 1286 714 1346 dum
733 1287 825 1356 valet,
847 1287 956 1356 sentit,
978 1288 1068 1365 sapit
1246 1297 1302 1367 pso

247 1372 345 1433 Hunc
365 1374 392 1432 si
410 1370 498 1430 ullus
517 1370 594 1429 deus
615 1381 747 1439 amaret,
768 1367 841 1449 plus
862 1369 954 1430 annis
975 1368 1096 1441 decem,
1184 1383 1207 1398 ··

246 1456 324 1522 Plus
344 1454 409 1528 jam
430 1453 555 1535 viginti,
576 1461 741 1528 mortuom
762 1471 828 1511 esse
849 1452 1001 1532 oportuit.
1037 1459 1042 1468 ⁴
1219 1449 1221 1452 ’

112 1545 117 1550 ’
233 1537 363 1598 ‘Terrai
384 1536 495 1596 odium
514 1529 676 1593 ambulat:
698 1547 765 1594 tam
786 1533 835 1592 nil
856 1537 946 1614 sapit,

247 1620 442 1691 Nac'sentit.
474 1617 573 1677 Tanti
592 1628 650 1686 est,
671 1615 785 1697 quanti
806 1630 855 1677 est
874 1617 994 1696 fungus
1014 1616 1157 1696 putidus.
1178 1625 1183 1632 ‘
1242 1623 1244 1628 '

247 1704 304 1765 Νι.
318 1700 514 1762 Tun’terrae
526 1711 579 1759 rna
589 1697 954 1760 odiumesseautumas?
968 1698 1126 1764 Abducite
1132 1702 1223 1764 hunc
1243 1707 1301 1782 785

247 1785 337 1846 Intro
349 1793 452 1864 ‘atque
472 1781 659 1864 adstringite
680 1780 721 1840 'ad
740 1780 926 1842 columnam
946 1781 1087 1844 fortiter!

246 1868 424 1947 Nunquam
445 1865 569 1925 auferes
590 1864 667 1924 hinc
687 1865 818 1923 aurum!
842 1863 903 1924 Cn.
918 1865 1019 1943 Atqui
1037 1865 1104 1940 jam
1124 1866 1223 1929 dabis

246 1949 304 2013 Νι.
319 1949 436 2013 Dabo?
458 1947 518 2011 Cn.
533 1948 638 2026 Atque
653 1947 757 2005 orabis
774 1966 826 2005 me
844 1946 972 2027 quidem
985 1947 1080 2021 ultro,
1096 1961 1134 2010 ut
1146 1950 1298 2016 auferam.

249 2033 359 2112 Quom
379 2030 482 2092 illunc
504 2031 667 2102 rescisces,
694 2030 935 2102 criminatorem
955 2049 1077 2103 meum,
1168 2031 1172 2037 '

249 2116 379 2194 Quanto
399 2116 436 2173 in
455 2112 577 2194 periclo
597 2123 630 2170 et
651 2124 769 2190 quanta
788 2111 823 2169 iu
844 2112 997 2192 pernicie·
1009 2113 1085 2173 siet:
1123 2117 1130 2128 ‘
1243 2117 1301 2197 '79¹⁰

247 2195 336 2259 Tum
355 2196 540 2257 libertatem
561 2192 716 2275 Chrysalo
736 2193 904 2276 largihere.
1218 2237 1220 2240 ψ

247 2279 317 2363 Ego
337 2281 415 2341 adeo
434 2295 602 2358 nunquam
621 2276 784 2355 accipiam.
806 2275 863 2339 Νι.
885 2275 957 2351 Dic,
979 2276 1138 2341 scelerum
1158 2289 1282 2362 caput.

246 2364 321 2436 Dic,
342 2381 404 2443 quo
424 2362 461 2422 in
480 2358 599 2441 periclo
620 2372 667 2419 est
687 2378 779 2419 meus
800 2356 1021 2420 Mnesilochus
1041 2360 1154 2422 filius?
1276 2427 1281 2436 ,

247 2445 308 2511 Cn.
329 2443 467 2525 Sequere
485 2442 545 2503 hac
566 2462 636 2502 me:
658 2441 734 2501 laxo
754 2440 820 2515 jam
841 2443 928 2508 scies.
949 2442 1005 2503 Νι.
1021 2443 1093 2521 Quo
1108 2445 1300 2527 gentiumd⁴

248 2528 309 2591 Cn.
336 2527 416 2589 Tres
441 2545 522 2587 unos
542 2544 658 2606 passus.
689 2523 746 2588 Νι.
766 2523 827 2585 Vel
841 2523 963 2588 decem.
999 2525 1246 2608 Crqugedum,
1263 2542 1302 2592 tn

539 2619 543 2627 '
758 2608 900 2679 Artemo,
1040 2613 1045 2618 ’
1241 2627 1301 2699 795

246 2694 365 2756 Foram
376 2689 459 2750 h'anc
480 2683 664 2769 pauxillum
682 2689 787 2770 ape'ri!
808 2688 948 2770 placide!
969 2711 1012 2752 ne
1032 2694 1141 2774 crepa!
1160 2726 1203 2744 -

205 2783 208 2790 '
246 2774 303 2835 Sat
323 2787 379 2835 est.
414 2771 538 2834 Accede
559 2770 623 2831 huc
642 2773 699 2831 tu!
722 2772 826 2832 viden'
847 2774 1052 2834 convivium?

111 2844 117 2863 ⁸
245 2853 304 2916 Νι.
326 2855 426 2917 Video
446 2854 657 2918 exadvorsum
677 2854 888 2917 Pistoclerum
909 2868 943 2916 et
961 2855 1165 2921 Bacchidem.

246 2937 307 2998 Cn.
330 2939 395 3017 Qui
408 2950 484 3014 suut
500 2936 631 2996 inlecto
645 2934 704 2995 illo
722 2936 846 2997 altero?
882 2936 929 2999 Νι
949 2939 1062 3001 Interii
1082 2941 1196 3002 miser!
1261 2941 1264 2944 “

242 3016 683 3088 CnNovistinehominem?
696 3015 751 3082 Nl.
761 3018 857 3081 Novi.
872 3020 1222 3092 Ca.Dic‚sodesnrihi:
1240 3033 1300 3094 80⁰

244 3102 370 3165 Bellen’
395 3101 519 3163 videtur
539 3102 643 3182 specie
661 3102 803 3163 mulier?
843 3105 902 3165 Νι.
920 3095 1117 3166 Admodum.
1286 3173 1290 3180 ,

246 3185 306 3247 Cu.
324 3184 432 3263 Quid?
442 3184 544 3244 illanc
556 3185 803 3246 meretricemne
817 3206 883 3247 esse
896 3188 1026 3247 censes?
1047 3188 1103 3249 Νι.
1118 3187 1299 3270 Quippinil

118 3297 121 3304 =
246 3267 305 3331 Cn.
313 3268 441 3329 Frustra
448 3286 491 3330 es.
512 3267 569 3328 Νι.
586 3266 784 3350 Quiaigitur‚
800 3271 939 3339 obsecro,
948 3270 1018 3329 est?
1040 3269 1100 3330 Cn.
1113 3270 1300 3339 Invenerisa

245 3349 297 3412 Ex
314 3371 367 3414 me
386 3350 520 3432 quidem
538 3348 635 3412 hodie
652 3367 823 3430 nunquam
843 3351 900 3412 lies
922 3354 1046 3416 certior.

320 3650 625 3717 CLEOMACHUS.
664 3651 922 3716 NICOBULUS.
963 3652 1228 3720 CHRYSALUS.

155 3777 157 3780 ’
244 3769 323 3833 Cra.
336 3767 550 3831 Meamnehic
558 3766 788 3843 Mnesilochus,
796 3767 1054 3837 Nicobulifinus.
1069 3770 1217 3845 iss-lm
1237 3783 1298 3850 805

243 3853 305 3916 Per
325 3856 393 3915 vim
413 3867 452 3916 ut
470 3856 608 3915 retineat
626 3851 821 3914 mulierem?
841 3857 924 3934 quae
944 3852 1023 3915 haec
1042 3854 1141 3914 factio
1163 3855 1240 3916 est?
1289 3939 1293 3948 Ι

243 4072 367 4195 imppp
390 4058 436 4114 Sic
459 4067 515 4116 rot.
537 4057 600 4176 cod.
620 4057 735 4178 Cantor
752 4076 778 4136 ι.
794 4077 835 4124 ιιι,
853 4075 880 4156 ι..
894 4059 1005 4156 aliique
1020 4033 1109 4128 reta,
1126 4069 1201 4146 testo
1216 4011 1299 4120 Δῆι,
