2725 4659
426 382 431 394 x
473 292 787 368 ‚Annnrruuu
1114 322 1162 393 45

107 477 163 538 Su*
182 475 300 543 Audin’
336 491 375 539 tu
392 476 514 539 illum?
556 478 614 541 Bn.
649 477 776 539 Audio?
807 477 856 543 So.
884 480 985 543 Illaec
1013 476 1164 542 machina

621 580 708 619 meas
727 575 837 622 onerat
858 564 1010 644 scapulas.
1050 577 1075 625 t.
1089 575 1112 623 t.

106 642 165 706 Bu.
195 641 447 724 compellemus,
467 641 520 712 sis,
540 640 718 705 hominem.
761 642 819 705 Su'
837 642 932 718 Scin’,
953 646 1049 727 volgo
1076 643 1163 725 quod

623 723 687 784 dici
708 726 812 786 solet?
974 742 1000 791 t.
1013 743 1037 790 t.
1053 748 1080 788 c.

106 808 165 871 tu.
197 806 285 886 Quid
306 807 346 867 sis
367 806 519 880 dicturus,
539 807 662 947 nescip3
680 809 769 886 ,quid
788 807 983 887 patiundum
1002 811 1073 882 tibi,
1093 809 1162 874 iere

178 943 182 952 ,
224 949 227 953 ,
278 939 281 946 ,
389 886 398 906 ’
652 889 777 950 ariolor.
1021 894 1042 953 i.
1056 905 1083 953 t.
1254 953 1258 964 ,

45 983 49 994 ’
109 971 163 1034 So.
185 972 284 1034 Vetus
313 984 359 1032 est
384 970 542 1052 adagiumm
556 970 662 1034 Famis
693 985 726 1031 et
752 991 843 1032 mora
861 972 961 1036 bilem
988 974 1024 1033 in
1050 989 1164 1038 nusum

181 1111 185 1119 ,
420 1099 424 1112 ,
625 1056 789 1118 conciunt.
963 1054 996 1116 't.
1014 1067 1038 1116 t.
1056 1074 1083 1115 c.

106 1126 168 1199 Bi.
205 1137 324 1198 Verum
361 1135 501 1214 quidem.
534 1134 633 1197 Eloco
671 1135 902 1215 compellemus
934 1136 1071 1197 alacre.·'
1087 1139 1163 1198 Am·

251 1257 254 1264 ·
557 1280 565 1294 ,
622 1219 767 1300 phitruo!
799 1274 801 1280 ,
1124 1235 1165 1297 45

108 1304 177 1364 An.
206 1299 441 1382 Blepharonem
467 1300 570 1363 audio.
611 1302 757 1375 Mirum,
788 1300 866 1381 quid
895 1298 936 1360 ed
962 1320 1018 1363 me
1045 1300 1165 1362 veniat.

425 1383 433 1394 '
621 1386 675 1444 At
694 1397 803 1444 tamen
977 1398 999 1444 t.
1015 1396 1038 1445 t.
1054 1402 1081 1443 c.

109 1468 252 1546 Optume
269 1487 301 1528 se
320 1464 425 1536 offert,
443 1466 654 1528 uxorisafacta
669 1480 705 1526 ut
721 1466 912 1526 convincam
927 1459 1029 1547 impia
1050 1478 1073 1527 t.
1081 1478 1105 1529 t.
1115 1485 1142 1525 c.

110 1549 201 1627 Quid
221 1564 265 1609 tu
293 1548 358 1607 huc
385 1546 516 1621 adme,
536 1549 718 1629 Blepharo?
741 1545 816 1616 vBu.
836 1547 974 1626 ¹Oblitus
998 1561 1068 1609 tam
1088 1547 1162 1622 cito,

121 1688 123 1692 .
622 1651 719 1710 quom
739 1630 884 1689 diluculo
986 1644 1080 1692 t.t.c.

109 1712 231 1773 Sosium
243 1712 358 1774 misisti
373 1712 411 1771 a'd
418 1714 540 1785 navim,
551 1728 658 1774 tecum
668 1713 764 1774 hodie
774 1726 810 1771 ut
819 1714 1048 1776 conviverem?
1070 1726 1159 1777 t.t.c.

108 1806 177 1858 AM.
206 1796 374 1874 Nusquam
398 1794 520 1856 factum
542 1801 700 1878 gentium.
735 1794 797 1853 Sed
820 1795 876 1854 ubi
897 1796 967 1856 illic
990 1796 1160 1858 scelestus?

134 1927 136 1932 ⁴
342 1939 344 1944 ,
370 1893 378 1909 ·
437 1949 440 1956 μ
621 1879 680 1942 Bu.
703 1875 804 1953 Quis?
831 1883 912 1937 nu.
941 1876 1038 1941 Sosia.
1122 1897 1162 1955 5⁰

109 1960 169 2021 Bu.
200 1961 321 2021 Eccum
348 1961 462 2020 illurn!
506 1963 571 2024 Au.
599 1958 688 2026 Ubi?
724 1960 783 2019 Bu.
805 1960 910 2032 Ante,
932 1962 1049 2024 oculos.
1085 1963 1160 2023 Non

348 2085 351 2091 -
546 2061 549 2068 “
627 2041 747 2109 uideni.
828 2059 834 2072 '

110 2127 178 2186 AM.
207 2125 269 2186 Vix
295 2125 385 2185 video
416 2145 490 2204 prae
516 2126 582 2186 ira:
614 2126 693 2185 adeo
721 2144 775 2184 me
803 2125 874 2186 istic
905 2123 1002 2185 hodie
1022 2126 1161 2186 delirum

625 2209 714 2270 facit.
973 2221 997 2268 t.
1015 2222 1080 2269 t.c.

110 2291 163 2350 Ne
183 2301 215 2349 te
236 2289 441 2362 sacruficem,
461 2310 627 2372 nunquam
647 2291 764 2350 evades
776 2292 783 2347 !
797 2318 839 2333 -
858 2288 934 2349 Sine
954 2290 1045 2348 med!

582 2375 639 2434 Bn.
660 2372 830 2443 Ausculta,
857 2391 980 2451 precor.
1020 2372 1043 2433 i.
1058 2385 1082 2433 t.

110 2456 179 2515 Au.
207 2455 375 2515 Ausculto:
405 2454 466 2518 dio.
498 2452 551 2516 Tu
577 2457 708 2535 vapula!
736 2454 786 2514 So.
826 2453 899 2531 Qua
925 2452 965 2512 de
992 2452 1048 2522 re?
1079 2472 1161 2516 num

222 2613 225 2618 Ι
488 2599 496 2610 ,
624 2540 700 2599 satis
719 2534 878 2616 temperi?
1019 2539 1041 2600 i.
1056 2551 1080 2599 t.

109 2620 288 2681 Nanneius
304 2622 401 2698 quiri,
418 2621 444 2681 si
459 2621 627 2683 Daedaleis
645 2642 699 2681 me
715 2622 861 2683 tulissem
873 2619 1005 2701 remigis
1024 2622 1045 2682 i.
1055 2633 1078 2682 t.
1120 2636 1159 2701 55

108 2702 171 2764 Bc.
192 2702 332 2774 Abstine,
355 2699 484 2782 quaeso:
506 2724 574 2765 non
593 2708 757 2786 potuimus
777 2715 901 2766 nostros

109 2785 272 2850 Grandine
290 2788 404 2865 gradus
425 2788 578 2850 orandire.
600 2792 666 2850 Aur.
681 2786 754 2847 Sive
769 2784 983 2869 grallatorius,
1022 2797 1049 2847 t.
1056 2797 1078 2846 t.
1093 2809 1119 2848 u

110 2865 176 2927 Seu
205 2869 399 2929 testudineus
422 2831 544 2944 luerit,
574 2884 701 2932 certum
728 2882 776 2929 est
802 2871 851 2933 mi
876 2866 964 2930 hunc
990 2868 1160 2932 scelestum

114 2956 122 2969 ‘
533 2972 536 2979 ¹
621 2952 772 3030 perdere!
1017 2953 1039 3011 i.
1058 2964 1081 3012 t.

110 3030 163 3091 En
184 3034 322 3091 tectum!
351 3053 393 3095 en
413 3035 551 3115 tegulas!
574 3054 616 3095 en
636 3034 787 3095 obductas
801 3034 895 3094 foris!
998 3051 1041 3093 cr.
1056 3047 1080 3096 t.

107 3115 162 3174 En
182 3112 386 3176 ludificatum
401 3117 536 3200 herum!
561 3138 601 3178 en
620 3117 809 3178 verbereum
830 3117 946 3177 scelus!
990 3129 1068 3180 cut.
1121 3121 1161 3181 60

108 3197 170 3257 Bu.
193 3196 278 3274 Quid
298 3199 374 3259 mali
394 3200 471 3260 fecit
492 3200 573 3267 tibin
614 3204 678 3261 AM.
699 3199 825 3279 Rogas?
847 3220 887 3259 ex
908 3199 967 3259 illo
988 3212 1073 3259 tecto

109 3279 251 3342 Foribus.
266 3280 433 3343 exclusum
453 3283 581 3343 aedibus
601 3304 654 3346 me
675 3283 866 3343 deturbavit,
906 3280 959 3344 So.
980 3281 1114 3364 Egonel

695 3368 760 3425 An.
782 3365 859 3426 Tu.¹
981 3376 1037 3425 t.t.
1052 3384 1078 3427 c.

110 3443 200 3523 Quid
212 3446 383 3513 minitabas
397 3460 429 3506 te
437 3446 609 3520 facturum,
619 3452 646 3510 si
659 3454 733 3512 istas
749 3449 943 3528 pepulissem
952 3443 1049 3512 foris?
1071 3460 1093 3507 t.
1101 3459 1125 3508 t.
1133 3467 1160 3512 c.

107 3531 235 3610 Negas,
257 3527 407 3596 sceleste?
448 3527 498 3590 So.
530 3531 616 3610 Quid
642 3530 782 3613 negem?
810 3529 860 3590 En
886 3530 974 3590 testis
998 3524 1161 3608 ampliter,

624 3618 755 3697 quicum
777 3617 881 3686 venio,

174 3739 217 3792 44.
242 3728 290 3781 V.:
314 3725 426 3793 Fames,
451 3739 585 3799 corrupto
608 3729 725 3800 quidem
747 3740 841 3784 metro
863 3726 1019 3781 trochaico·
1053 3723 1094 3791 46·
1111 3727 1160 3782 V.:

105 3823 140 3836 -
158 3795 259 3845 ueniat.
280 3794 432 3862 Opportuna
456 3810 547 3848 tamen
570 3816 599 3848 se
622 3800 688 3866 effi,
712 3813 743 3850 ut
759 3817 806 3853 ur.
822 3798 851 3865 f.
872 3812 947 3847 conv.
965 3792 1064 3860 turpia.
1098 3794 1162 3848 Non

106 3876 175 3913 raro
198 3862 288 3913 mixta
314 3861 484 3930 Optume'et
509 3864 672 3933 Opportune.
720 3867 809 3933 Impia
832 3865 941 3931 legitur
962 3859 994 3909 in
1016 3859 1163 3913 nonnullis

103 3926 201 3979 libris.
250 3936 292 3990 48.
317 3946 404 3995 quom.
428 3931 474 3982 V.r
499 3936 588 3998 quain.
640 3945 682 3999 55.
705 3934 754 3983 Ἢ
781 3933 846 3982 Sine
863 3947 920 3992 mc,
943 3925 1087 3994 Blepharo·
1109 3929 1163 3981 Vol

102 3991 249 4061 glossema
265 3992 335 4057 hoc,
354 3995 398 4048 vel
417 3994 511 4049 fraudi
529 3998 584 4050 fait
606 4013 728 4068 sequens
747 4006 814 4049 nota
846 4008 977 4048 essonae:
994 4009 1061 4045 nam
1076 3994 1162 4046 nimis

101 4058 277 4112 manifestus
292 4075 401 4119 versun
434 4078 475 4130 54.
493 4068 541 4120 Vm
559 4066 632 4128 Dic;
650 4083 725 4118 ausc.
760 4014 866 4129 wll:
888 4059 1161 4116 sisemundus

100 4126 253 4177 verborum.
303 4125 344 4193 64.
362 4131 406 4184 ns
428 4133 502 4199 Quin
518 4132 641 4198 negem?
