2725 4659
244 253 292 327 μ
587 226 641 297 Μ.
660 287 664 294 .
682 227 725 298 a.
766 225 949 296 staurr

249 409 307 470 La.
332 407 420 469 Hem
447 426 524 489 ergo
557 406 583 467 is
614 416 787 547 argentunsr
806 405 870 466 huc
892 404 1035 478 remisit,
1064 393 1149 483 qiud
1176 401 1306 464 daretur
1337 427 1338 430 ¹

785 506 901 548 aureae

249 575 311 635 Pro
327 573 434 634 asinis.
451 570 644 632 Adulescens
658 571 750 632 venit
764 571 873 641 modo,
886 574 942 649 qui
956 570 990 631 id
1002 581 1174 649 argentum
1189 567 1303 628 attulit.

250 657 306 719 L1.
326 655 442 716 Ubiis
467 653 565 715 homo
589 654 660 715 est?
701 652 853 713 Liuiam
880 652 1099 713 devorandum
1122 670 1252 721 censes,
1279 651 1303 709 si

338 789 342 796 ,
768 736 995 815 conspexeris?

251 821 303 884 Lr.
333 820 383 879 Ita
403 820 582 906 enimsero,
600 819 655 880 sed
674 830 845 880 temetum.
872 818 1000 898 Nempe
1022 837 1075 877 eos
1095 819 1199 879 asinos
1220 834 1301 897 prae·
1337 885 1338 890 γ

765 899 848 962 dicas
1247 916 1300 974 5⁹⁰
1337 947 1338 950 η

253 984 403 1054 vetulos,
433 983 580 1056 claudos,
608 982 722 1064 quibus
751 985 877 1044 attritae
907 983 946 1043 ad
973 983 1098 1046 femina
1124 980 1192 1056 jam
1220 992 1302 1040 erant
1337 1005 1338 1066 j

769 1065 932 1146 ungulae?
1337 1105 1338 1130 2

253 1150 310 1211 Lu.
340 1149 444 1229 Ipsos,
466 1150 522 1229 qui
542 1143 604 1208 tibi
624 1145 854 1209 subvectabant
873 1168 947 1208 rure
966 1146 1033 1206 huc
1054 1147 1158 1227 virgas
1173 1144 1298 1205 ulmeos.
1337 1147 1338 1218 ξ

252 1231 305 1296 LI.
327 1232 456 1293 Teneo:
480 1245 575 1313 atque
594 1230 696 1291 iidem
716 1242 751 1289 te
768 1227 847 1290 hinc
862 1243 1020 1291 vexerunt
1037 1231 1185 1289 vinctum
1204 1247 1265 1288 rus.
1337 1229 1338 1302 i

255 1365 259 1372 .
922 1310 981 1372 La.
1012 1308 1175 1372 Memoras
1199 1310 1298 1389 probe.
1337 1313 1338 1366 l

252 1393 393 1467 Verum,
413 1395 448 1454 in
469 1396 629 1455 tonstrina
648 1407 687 1455 ut
707 1394 865 1467 sedebam,
886 1411 938 1455 sne
958 1393 1032 1456 infit
1048 1392 1270 1473 percontarier,
1337 1407 1338 1466 ζ

252 1479 398 1556 Ecquem
419 1475 527 1538 filium
548 1475 704 1538 Stratonis
724 1479 872 1538 noverim
891 1477 1140 1537 Demaenetum.
1209 1478 1211 1482 ’
1248 1491 1300 1550 525
1337 1471 1338 1492 ¹

254 1559 340 1619 Dico
360 1578 415 1618 me
434 1560 560 1619 novisse
581 1559 766 1639 extemplo,
798 1572 832 1618 et
851 1579 905 1620 me
930 1558 996 1635 ejus
1013 1555 1143 1622 servom
1164 1557 1300 1636 praedico

253 1641 342 1710 Esse,
363 1653 395 1699 et
409 1639 493 1700 aedis
507 1640 722 1702 demonstrari
742 1653 873 1706 nostras.
915 1639 966 1701 L1.
990 1640 1078 1716 Quid
1091 1652 1161 1700 tum
1180 1639 1299 1717 postea?

254 1719 312 1781 Le.
334 1723 398 1795 Ait,
421 1744 453 1782 se
474 1722 515 1783 ob
536 1726 640 1783 asinos
661 1725 748 1785 ferre
770 1736 941 1803 argentum
960 1724 1093 1784 atriensi
1113 1722 1257 1782 Saureae.

254 1802 377 1884 Viginti
396 1823 505 1876 mnas3
537 1806 591 1865 sed
618 1828 685 1868 sese
715 1826 791 1867 eum
818 1824 887 1868 non
906 1807 1031 1867 novisse
1052 1804 1231 1874 hominem,
1251 1805 1300 1885 qui

770 1889 848 1957 siau
1046 1951 1049 1966 ὗ
1189 1890 1210 1949 i.
1225 1900 1248 1946 t.
1337 1883 1338 1954 ἶ

253 1967 365 2046 Ipsum
386 1988 461 2031 vero
483 1987 516 2029 se
535 1970 659 2031 novisse
681 1970 796 2031 callide
816 1969 1064 2034 Demaenetum.
1086 1983 1108 2030 t.
1126 1984 1149 2033 t.
1165 1989 1192 2028 c.
1251 1990 1301 2049 33⁰
1337 1977 1338 2020 l

254 2050 417 2129 Quoniam
444 2051 500 2112 ille
523 2051 665 2114 elocutus
686 2053 766 2113 haec
796 2055 841 2113 sic
856 2091 874 2115 1.
902 2098 944 2116 ..
993 2053 1044 2111 Lr.
1069 2052 1155 2130 Quid
1175 2052 1269 2112 tum?
1336 2025 1339 2156 J

855 2136 913 2197 La.
935 2136 1087 2195 Ausculta
1108 2154 1199 2214 ergo:
1223 2136 1299 2195 scies
1337 2159 1338 2184 z

253 2215 453 2296 Extempulo
474 2217 557 2278 facio
571 2218 1236 2299 facetummeatquemagnificumvirum;
1255 2220 1300 2278 ir.
1337 2213 1338 2306 l

251 2298 344 2373 Dico,
368 2300 444 2360 med
465 2320 531 2360 esse
554 2303 736 2362 atriensem.
753 2301 805 2361 Sic
818 2302 880 2360 hoc
898 2299 1060 2378 respondit
1076 2298 1176 2360 mihi:
1199 2311 1285 2380 tte.

252 2379 321 2461 Ego
342 2383 398 2461 pol
420 2381 575 2443 Sauream
595 2401 663 2442 nou
683 2384 772 2452 novi,
794 2404 866 2452 nec,
888 2381 1052 2462 qua-facie
1074 2384 1126 2452 sit,
1148 2381 1230 2441 scio:
1259 2445 1263 2452 ⁴

252 2461 300 2522 Te
339 2484 406 2523 non
448 2481 585 2541 aequom
620 2477 668 2525 est
707 2484 898 2527 suscensere.
929 2463 975 2525 Sis
1016 2463 1133 2524 herum
1176 2463 1302 2523 Demae·

767 2561 927 2616 netum,··
968 2563 970 2570 <
1012 2583 1013 2588 ,
1249 2560 1301 2623 535

256 2624 363 2703 Quem
390 2646 451 2709 ego
483 2627 573 2698 novi,
604 2628 743 2690 adduce:
774 2644 944 2714 argentum
971 2648 1037 2690 non
1063 2628 1213 2689 morabor
1235 2628 1324 2707 quin,

767 2715 859 2776 feras.
975 2737 976 2742 ¹
1180 2733 1183 2738 ’

252 2789 320 2870 Ego
349 2811 403 2851 me
433 2791 578 2852 dixeram
599 2794 814 2857 adducturum
846 2809 878 2856 et
897 2816 952 2858 me
972 2796 1059 2855 domi
1080 2806 1204 2873 praesto
1224 2794 1304 2861 fore,

251 2872 313 2932 Ille
333 2874 370 2934 in
391 2872 535 2936 balineas
554 2878 689 2948 iturust3
711 2879 785 2940 inde
805 2880 869 2939 huc
891 2880 1001 2939 veniet
1022 2889 1139 2957 postea.

255 2953 343 3031 Quid
370 2975 459 3017 nunc
486 2960 600 3020 consili
627 2963 823 3039 captandum
850 2963 982 3024 censes?
1019 2961 1082 3021 dic.
1131 2958 1187 3027 L1,
1215 2959 1305 3030 Hem,

287 3044 291 3052 '
768 3046 849 3105 istuc
870 3064 941 3126 ago,

256 3120 428 3210 Quomodo
467 3136 601 3207 argento
638 3128 850 3189 intervortam
885 3139 917 3186 et
943 3124 1149 3186 advectorem
1175 3137 1207 3184 et
1234 3122 1304 3183 Sau-

769 3228 869 3274 ream.
913 3267 917 3274 .
1051 3263 1054 3271 .
1249 3224 1304 3284 54⁰

250 3285 323 3346 Jam
343 3285 406 3348 hoc
428 3303 507 3370 opus
528 3304 575 3351 est
596 3293 776 3353 exarciato:
805 3312 885 3353 nam
906 3293 932 3351 si
952 3289 1009 3350 ille
1031 3303 1203 3371 argentum
1225 3290 1306 3368 prius

249 3367 379 3449 Hospes,
396 3371 462 3431 huc
483 3372 597 3441 adfert,
620 3377 778 3435 continuo
799 3394 855 3436 nos
877 3373 970 3433 ambo
993 3373 1119 3432 exclusi
1140 3392 1260 3433 sumus.

248 3451 334 3511 Nam
356 3473 409 3513 me
430 3454 526 3514 hodie
547 3477 645 3516 senex
667 3457 797 3519 seduxit
819 3456 929 3517 solum‘
946 3474 1089 3515 seorsum
1109 3457 1149 3518 ab
1170 3453 1306 3525 aedibus,

248 3529 335 3596 Mihi
356 3537 478 3615 tibique
498 3538 731 3601 interminatus
750 3560 809 3604 nos
829 3540 956 3606 futuros
977 3540 1114 3609 ulmeos,

312 3742 370 3793 520.
389 3730 492 3797 Inepte
509 3728 591 3780 libri:
616 3733 665 3781 sed
689 3745 780 3784 tamen
797 3746 826 3784 tu
844 3739 939 3799 nempe
956 3740 1010 3783 etc.
1028 3732 1071 3784 Gi.
1089 3731 1149 3784 601.
1163 3742 1217 3786 etc·
1252 3740 1305 3800 5¹5·

247 3793 431 3860 ItaHel‹mst.
451 3797 606 3863 etLangg.
639 3800 686 3848 V.:
711 3800 818 3850 Memor
840 3815 869 3848 es
886 3817 926 3865 pr.
976 3808 1033 3865 323.
1052 3798 1307 3870 menaehem

247 3860 297 3908 cit.
348 3876 407 3927 529,
426 3863 472 3912 Sic
496 3865 614 3930 Argent.
638 3881 662 3916 e.
685 3879 759 3930 1514.
786 3867 833 3920 v.:
858 3867 955 3915 minus.
1006 3881 1064 3933 35²·
1083 3868 1133 3917 V.:
1161 3865 1305 3938 Extemplo.

244 3938 304 3989 535.
327 3926 374 3976 V.:
394 3929 420 3978 si
436 3929 530 3979 herum
546 3930 589 3980 vis
606 3930 683 3981 Dem.
737 3946 794 3996 340.
819 3933 862 3982 lta
879 3930 949 3982 Pall.
967 3932 1027 3983 MS.
1046 3932 1146 3985 Barth.
1167 3930 1306 3984 stumfi-

246 3991 296 4043 tt:
315 3992 495 4045 adventorem.
547 4010 604 4061 341.
629 3996 675 4049 Sic
699 3996 856 4066 legendum
879 3997 951 4050 vidit
974 3998 1072 4066 Acid„
1098 3998 1147 4052 rel
1171 3995 1306 4053 exorcisa-

247 4058 310 4107 ‹lttm
334 4058 383 4109 V.:
403 4062 581 4113 crusciacum.
1046 4073 1057 4091 '⁴
