2725 4659
404 267 444 338 s·
493 264 722 338 ·..GAPT1V1.
1073 277 1152 357 ’ωῇ

80 447 123 511 Η.
133 445 370 532 'Nihilizfrcim
381 457 504 510 temen
518 444 628 510 adibo.
642 443 685 506 T.
694 444 793 508 Nunc
803 462 871 526 ego
881 446 1015 508 omnino
1030 446 1150 509 occidi!

79 533 111 594 N
113 549 175 590 unc
183 549 243 611 ego
253 549 380 591 sacrum
389 531 664 607 interaaxumque
673 541 732 600 sto,
746 546 819 602 nee,
838 528 916 607 quid
930 530 1059 607 faciam,
1071 531 1149 589 scio!

50 630 62 648 ³
79 612 121 677 H.
138 613 266 674 Dotibi
283 630 425 692 operam,
440 609 709 755 Aristophouffim
738 615 764 671 si
794 611 965 690 quidest,
988 612 1073 692 quod
1090 615 1148 673 “me‘

101 751 105 756 .
595 712 634 753 ve
676 737 684 753 .

78 780 116 842 A.
138 782 193 842 Ero
201 797 256 840 me
264 773 392 837 audibis
409 794 495 846 vera,
512 795 593 856 quae
608 793 696 836 nunc
709 772 792 836 falsa
805 776 938 856 opinare
947 776 1065 860 Hegio,
1087 794 1149 855 545

77 861 143 924 Sed
149 861 214 922 hoc
224 880 280 922 me
294 860 438 935 primum
450 877 636 941 expurgare
646 858 707 920 tibi
723 856 808 926 volo,
816 878 871 919 me
884 860 1044 922 insaniam
1064 861 1086 921 i.
1096 873 1120 920 t.

78 948 204 1025 Nequez
223 955 334 1006 tenere
358 958 468 1021 neque
483 944 544 1018 ¹uri
563 961 633 1003 esse
651 942 762 1003 ullum
780 941 951 1016 morbum,
979 944 1044 1004 nisi
1064 941 1150 1021 quod

598 1045 713 1086 servre.
985 1040 1009 1090 t.
1021 1040 1045 1088 t.
1057 1046 1084 1086 c.

79 1110 123 1171 At
144 1109 192 1170 ita
206 1127 266 1169 urse
287 1124 346 1167 rex
364 1104 502 1170 deorum
522 1102 620 1188 a'ique
639 1106 813 1169 hominum
832 1105 919 1168 faxit
933 1110 1057 1189 patriae
1073 1126 1149 1169 con·

597 1204 721 1269 potem,
1022 1192 1045 1252 i.
1061 1204 1087 1253 t.

80 1273 129 1340 Ut
147 1272 223 1336 istic
238 1270 439 1334 Philocrates
451 1291 518 1334 non
528 1275 638 1357 magis
653 1287 712 1347 est,
730 1291 829 1353 quam
846 1285 903 1332 aut
920 1287 1050 1356 egoaut
1064 1286 1112 1336 tu.

801 1355 843 1415 H.
862 1354 949 1430 Eho,
970 1359 1023 1417 dic
1044 1355 1148 1416 mihi:

76 1431 163 1519 Quis
186 1438 289 1522 igitur
312 1435 384 1499 illic
407 1438 476 1499 est?
512 1441 550 1499 A.
573 1438 683 1517 Quem
703 1438 829 1500 dudum
855 1437 927 1499 diui
949 1461 969 1501 a
986 1439 1150 1522 principio

596 1524 667 1585 tibi.
775 1566 777 1572 ,
1035 1559 1039 1569 ·
1086 1539 1149 1598 550

76 1602 150 1663 Hoc
166 1605 195 1664 si
206 1622 296 1664 secus
309 1604 467 1684 reperies:
481 1603 609 1666 nullam
621 1623 753 1682 causam
763 1604 846 1676 dico,
862 1603 942 1684 quin
952 1604 1036 1666 mihi
1055 1619 1080 1668 t.
1089 1617 1114 1671 t.
1122 1623 1150 1666 c.

73 1686 122 1747 Et
137 1700 316 1764 *parentum
338 1699 371 1747 et
392 1685 554 1750 libertatis
575 1685 660 1768 apud
681 1701 714 1748 te
737 1686 881 1766 deliquio
903 1689 974 1751 siet.
1021 1689 1023 1695 “

76 1765 118 1831 H.
132 1767 221 1848 Quid
229 1782 267 1830 tu
277 1769 344 1832 ais?
366 1766 405 1830 T.
414 1764 471 1829 Me
479 1782 575 1830 tuom
583 1783 665 1832 asset
672 1789 801 1833 servom
810 1783 843 1830 et
856 1782 888 1829 te
896 1789 1009 1832 meum
1018 1771 1146 1833 herum.

423 1861 426 1870 '
785 1851 828 1914 H.
850 1851 948 1913 Haud
959 1855 1042 1914 istuc
1060 1873 1149 1935 rogo.

76 1934 217 1997 Fuistin’
227 1933 332 1993 liber?
346 1932 384 1997 T.
393 1935 466 2014 Fui.
481 1936 520 1998 A.
529 1934 870 2013 Errimverononfuitg
887 1937 1075 2017 nugasagit.
1092 1938 1116 1997 i.
1125 1948 1148 1997 t.

76 2015 114 2081 T.
148 2016 275 2097 Quitu
298 2016 379 2077 scis?
414 2036 458 2078 an
486 2030 524 2078 tu
555 2017 692 2078 fortasse
722 2017 815 2077 fuisti
840 2035 933 2080 meae
963 2019 1063 2079 matri
1094 2017 1149 2077 ob-

190 2117 194 2122 '
600 2102 727 2173 stetrix,
894 2113 918 2160 t.
936 2113 960 2162 t.
974 2121 1002 2160 o.
1085 2117 1147 2176 555

78 2183 148 2264 Qui
164 2182 198 2243 id
213 2194 281 2245 tam
295 2181 567 2244 audacterdioere
582 2182 706 2242 audes?
726 2183 766 2245 A.
775 2181 919 2242 Puerum
935 2196 968 2242 te
983 2182 1050 2242 vidi
1058 2202 1147 2261 puer·
1226 2213 1228 2216 ·

73 2265 114 2330 T.
139 2266 184 2328 At
205 2285 266 2349 ego
286 2275 319 2324 to
339 2264 444 2337 major
463 2259 622 2339 majorem
643 2263 747 2325 video.
770 2263 859 2324 Hem
875 2259 1007 2324 rursur'n
1026 2265 1105 2325 tibi!

74 2347 191 2411 Meam
209 2369 282 2412 rem
302 2365 345 2405 ue
363 2364 466 2419 cures,
489 2348 620 2406 sirecte
638 2347 747 2408 facias.
769 2350 860 2410 Num
874 2365 935 2426 ego
945 2366 1022 2406 curo
1035 2348 1149 2408 tuam?

72 2432 115 2497 H.
140 2427 383 2508 Furitnelhuic
403 2440 494 2510 pater
515 2427 1057 2509 Thesaurochrysunicocroesides?

72 2517 111 2580 A.
136 2511 215 2575 Non
234 2512 302 2574 fuit
320 2528 428 2592 neque
449 2528 511 2596 ago
532 2512 615 2572 istuc
631 2530 754 2571 nomen
773 2528 920 2590 unquam
941 2510 1052 2576 audivi
1073 2525 1148 2574 ante

599 2592 689 2654 hunc
709 2593 816 2663 diam3
1086 2599 1148 2674 560

72 2679 255 2748 Philocrati
274 2675 554 2740 Theodoromedes
575 2676 639 2737 fuir
659 2691 761 2762 pater.
803 2676 842 2736 Τ.
863 2679 964 2740 Pereo
989 2679 1106 2757 probe!

75 2766 172 2845 Quin
195 2758 357 2841 quiescis?
378 2759 394 2817 Ι
410 2759 600 2831 dierectum,
616 2779 672 2820 cor
688 2779 812 2833 meum,
827 2780 865 2819 ac
880 2762 1037 2840 suspende
1052 2765 1100 2823 te!

74 2848 128 2909 Tu
150 2845 327 2914 subsultas3
348 2862 409 2923 ego
428 2846 527 2904 miser
546 2844 601 2904 vix
615 2842 705 2904 adsto
724 2862 799 2923 prae
817 2842 1004 2908 formidine.

74 2932 118 2996 H.
141 2929 243 2991 Satin’
265 2929 350 2991 istuc
369 2926 455 2987 mihi
476 2927 675 3006 exquisitum
697 2939 767 3068 egr,
795 2925 895 2986 fuisse
916 2926 1006 2988 hunc
1027 2948 1150 2991 servom

597 3009 635 3070 in
653 3009 709 3071 Ali
732 3030 761 3075 es

72 3098 193 3175 Neque
215 3113 281 3155 esse
300 3092 391 3154 hunc
405 3090 648 3156 Philocratem?
670 3094 710 3153 A.
736 3091 820 3151 Tam
843 3092 929 3165 satis,
953 3112 1051 3172 quam
1066 3114 1151 3156 nun-

518 3193 618 3254 quam
632 3173 695 3235 hec
709 3175 853 3236 invenies
869 3195 970 3237 secus.
993 3180 1046 3242 it.
1089 3182 1151 3256 565

77 3259 143 3325 Sed
157 3258 214 3321 ubi
228 3259 258 3319 ir
270 3276 358 3319 nunc
371 3254 442 3324 est?
462 3256 504 3320 H.
514 3255 580 3318 Ubi
595 3276 654 3341 ego
668 3257 817 3330 minume
830 3268 927 3340 atqua
941 3258 1028 3340 ipsus
1043 3277 1075 3326 se
1084 3261 1153 3324 volt

598 3359 762 3403 maxume.
964 3343 1000 3405 Τ.
1018 3355 1042 3401 t.
1058 3361 1086 3404 c.

76 3424 167 3486 Tum
187 3424 287 3505 igitur
308 3445 368 3506 ego
388 3424 628 3495 deruncinatus,
650 3422 846 3496 deartuatus,
868 3444 942 3485 sum
961 3417 1060 3484 miser
1142 3463 1143 3466 κ

75 3507 187 3583 Hujus
209 3506 338 3569 scelesti
358 3507 503 3583 technis,
522 3509 580 3594 qui
597 3527 683 3649 {lna}2⁶
696 3518 734 3627 Ιιιι
756 3505 901 3569 lubitum
919 3521 985 3578 est,
1009 3506 1151 3569 ductavit

623 3607 667 3649 or
696 3632 703 3645 .

71 3670 145 3734 'Sed
159 3670 242 3742 vide,
258 3671 315 3734 sis!
336 3672 374 3737 A.
390 3671 479 3753 Quin
487 3672 693 3757 exploratum
705 3670 776 3734 dico
788 3684 822 3732 et
833 3671 999 3752 provisum
1006 3667 1068 3732 hoo
1077 3672 1149 3738 tibi.

147 3858 208 3911 545.
225 3847 272 3898 Va
297 3846 381 3899 Nune
405 3866 455 3916 ego
474 3850 554 3902 iuter.
604 3845 663 3916 546.
686 3848 804 3916 primum
818 3862 879 3899 non
895 3843 1041 3914 liquescit.
1090 3862 1150 3913 550.

72 3915 142 3966 illic
161 3913 295 3984 plerique
310 3929 410 3968 omnes
426 3914 508 3969 codd.
525 3917 557 3967 V.
574 3922 689 3968 tamen:
708 3913 767 3969 ine.
784 3929 843 3964 non
860 3911 921 3964 siue
937 3912 1072 3980 periculo
1087 3931 1152 3967 rer·

71 3996 136 4033 rus.
174 3986 247 4046 ³6⁵8·
272 3998 306 4031 ne
331 4000 413 4038 eures,
430 3981 553 4039 Helmst.
577 3991 608 4034 et
626 3978 732 4036 -Leidd
761 3979 793 4031 C.
811 3981 860 4034 Va
883 3997 975 4030 nono·
1026 3993 1085 4052 559.
1104 3983 1153 4036 Va

78 4048 193 4165 guita&
232 4044 310 4163 ᾔδη..
322 4049 369 4165 1Ιᾱιει
388 4050 471 4104 Guil.
485 4049 607 4119 ›v.r›Q.
619 4065 657 4116 q.
668 4047 740 4105 dier.
760 4064 784 4096 r.
796 4049 858 4099 m!
874 4048 894 4114 ι’,
913 4064 947 4099 aa
965 4065 988 4107 r.
1006 4061 1042 4102 te.
1092 4049 1152 4115 569.

101 4131 147 4164 100
197 4128 231 4163 lle
258 4130 283 4163 .:
302 4133 328 4164 vl
351 4134 390 4166 ιθ·
814 4149 818 4154 ·
