2725 4659
447 250 767 356 nemincum.
796 313 799 318 -
918 277 921 281 ’
1053 273 1140 344 ara·

70 433 156 496 Nam
174 444 210 508 tu
231 431 364 514 quidem
383 430 490 496 hercle
512 443 598 516 certo
619 445 687 494 non
708 429 921 503 sanamus„
981 489 1005 496 ,,

70 509 294 586 Menaechme,
306 518 360 593 qui
374 533 461 575 nunc
481 516 567 596 ipsus
587 509 758 574 maledicas
777 507 847 575 tilii.

69 596 152 658 Mus.
164 598 240 657 Heu
253 598 386 659 hercule
400 597 568 658 hominem
582 596 725 656 multum
736 595 776 654 e't'
785 594 930 655 odiosum
944 590 1043 653 mihi!
1065 610 1127 672 250

72 680 121 739 Cr
142 676 228 742 Solet
248 679 344 754 iocari
364 700 454 761 saepe
474 700 605 756 mecum
626 676 840 764 illocnpodo..
947 723 951 730 .
1009 686 1015 699 ’

69 761 227 840 Quamvis
248 762 402 823 ridiculus
423 768 482 831 est,
495 763 561 823 ‘ubi
581 775 663 821 uxor
684 771 757 819 non*
769 757 869 820 adest.

65 839 139 907 Mu.
163 844 252 924 Quid
264 846 308 905 ris
321 844 380 913 tu?
401 843 490 926 Quid
504 847 559 917 vis,
573 841 729 985 inpluami
756 840 814 906 Cu.
828 839 930 901 Satin’
945 838 1019 913 hoc,
1040 839 1127 920 quod

353 937 360 946 ⁶
459 931 463 940 ’
582 928 613 986 vi
633 945 683 998 ec,
847 929 849 934 ’
994 937 998 944 ’
1122 927 1129 940 '

66 1004 187 1067 Trib'uc
206 1005 295 1072 vobio
315 1005 518 1092 oberratum,
540 1026 582 1068 an
604 1009 721 1069 obsono
742 1005 889 1088 amplius.
978 1074 983 1081 ‚

65 1087 143 1149 Tibi
164 1101 196 1150 et
215 1094 354 1171 parasito
374 1105 407 1153 et
427 1090 578 1164 mulieri?
619 1091 690 1155 Mn.
709 1090 801 1171 vQuas
822 1089 983 1160 mulierem
1065 1103 1127 1166 255

66 1170 158 1252 Quor
173 1184 209 1231 tu
227 1176 379 1252 parasitos
394 1173 551 1254 loquere?
581 1173 666 1237 Mus.
684 1173 780 1253 Quod
795 1184 828 1233 te
841 1185 936 1252 urget
952 1171 1066 1243 scelus,

66 1251 134 1332 Qui
154 1253 233 1314 huic
250 1260 290 1317 sis
305 1256 483 1324 molestus?
497 1263 501 1272 ’
514 1256 575 1320 Cu.
599 1257 688 1336 Quid
702 1256 760 1317 tibi
775 1271 905 1315 mecum
917 1265 963 1314 ert
977 1251 1047 1319 rei?
1132 1271 1137 1276 ·

65 1335 94 1398 E
119 1355 138 1400 ο
158 1349 192 1397 te
212 1357 278 1397 non
298 1343 391 1410 novi3
413 1358 498 1414 cum,
510 1340 585 1412 hoc,
608 1358 705 1420 quem
725 1341 801 1398 novi
820 1333 962 1401 fabulor}

104 1437 136 1478 n.
159 1419 237 1479 Non
257 1420 370 1501 edepol
390 1433 437 1492 tu,
459 1421 568 1493 homo,
589 1439 680 1483 canuc
710 1439 754 1490 es,
776 1432 864 1481 certo
885 1420 960 1483 scio.

64 1501 122 1563 Cr.
144 1501 218 1563 Jam
239 1522 317 1584 ergo
336 1502 415 1565 haec
430 1502 617 1566 ‘madebunt
635 1503 731 1581 faxo3
752 1504 801 1563 nil
821 1502 1017 1562 morabitur:
1050 1499 1128 1578 ‘240

63 1583 160 1645 Proin
181 1595 252 1645 tute
272 1584 312 1645 ab
333 1584 464 1647 aedibus
484 1605 526 1645 ne
547 1607 610 1668 quo
630 1584 756 1645 ebbitar
776 1584 911 1666 longius.
1033 1647 1035 1652 ,

63 1665 235 1746 Numquid
258 1667 326 1728 vir?
353 1665 424 1732 Mn.
447 1665 493 1727 Ut
508 1687 559 1728 eas
573 1671 761 1729 maxumam
773 1667 809 1727 in
823 1666 943 1725 malam
957 1667 1109 1726 crucemt'
1127 1673 1130 1681 '

65 1751 131 1810 Cu..
146 1749 196 1809 Ire
216 1748 326 1810 hercle
345 1752 476 1814 meliust
496 1762 530 1809 te
548 1748 681 1812 interim
702 1762 797 1829 atque
817 1747 1020 1832 adcumbere,

64 1830 155 1892 Dum
175 1850 235 1911 ego
255 1831 335 1893 haec
356 1833 480 1916 adpone
500 1831 634 1894 Volcani
653 1831 695 1892 ad
713 1831 912 1893 violentiam.
943 1841 946 1847 '
1011 1842 1014 1848 “
1109 1839 1128 1846 “’

64 1911 123 1973 Ibo
143 1918 229 1974 intro
250 1927 283 1974 et
302 1914 419 1987 dicam,
440 1928 474 1976 te
494 1912 548 1975 hic
569 1915 703 1988 adstare,
723 1914 834 1975 Erotio
843 1935 855 1992 εἵ
960 1959 967 1970 .
989 1981 992 1992 ,
1041 1927 1126 1994 ί945

64 1994 111 2058 Ut
132 2009 165 2057 te
185 1995 264 2054 hinc
284 1996 424 2068 abducat
443 2000 558 2078 potius',
580 2017 677 2076 quam
699 1996 754 2058 hic
773 1995 876 2057 adstes
895 1994 984 2060 foris.

64 2077 141 2144 Mu,
159 2078 274 2139 tamne
295 2077 396 2147 abiit?
429 2079 558 2143 Abiit.
588 2079 713 2159 Edepol
734 2077 822 2140 haud
843 2078 1010 2139 mendacia
1040 2130 1043 2135 .

65 2165 139 2226 Tua
160 2161 258 2220 verba
278 2163 426 2241 experior
447 2180 522 2224 esse.
552 2162 637 2225 Mne.
660 2162 835 2223 Observato
855 2162 966 2222 modo:

66 2248 156 2310 Nam
175 2243 248 2304 istic
268 2245 472 2306 meretricem
492 2244 587 2304 credo
607 2243 756 2307 habitare
775 2243 961 2314 mulierem,
1016 2241 1036 2282 ·'

66 2329 115 2389 Ut
136 2323 270 2405 quidem
289 2324 345 2385 ille
366 2328 498 2386 insanus
518 2325 612 2401 dixit,
635 2329 692 2410 qui
711 2326 789 2386 hinc
809 2327 886 2392 abiit
905 2324 1012 2390 modo.
1065 2342 1127 2406 25⁰

66 2408 138 2470 Mn.
158 2406 223 2466 Sed
242 2406 354 2480 miror,
375 2409 433 2486 qui
452 2408 508 2469 ille
529 2410 653 2471 noverit
672 2415 934 2471 nornen'm'eum.

65 2491 152 2554 Mur.
182 2488 335 2552 Minume
359 2488 469 2552 hercle
498 2491 632 2551 mirum:
671 2510 798 2554 morem
823 2490 912 2553 hunc
939 2493 1126 2555 meretrices

578 2573 715 2637 habent:

64 2656 116 2719 Ad
136 2666 267 2739 portum
286 2654 421 2717 mittunt
441 2655 590 2729 servolos,
610 2657 800 2727 ancillulam

66 2740 102 2800 Si
122 2759 185 2821 qua
204 2739 373 2820 peregrina
394 2738 484 2798 navis
504 2740 539 2800 in
559 2745 689 2820 portum
709 2739 853 2803 advenit:

65 2821 219 2906 Rogitant
240 2820 375 2904 quoiatis
396 2820 446 2894 sit,
467 2820 546 2900 quid
567 2823 597 2882 ei
616 2823 737 2884 nomen
758 2823 837 2892 siet3
1063 2822 1128 2908 '255

64 2905 199 2982 Postilla
220 2903 385 2984 extemplo
405 2923 439 2964 re
457 2903 634 2985 adplicant,
655 2906 881 2988 adglutinantg

65 2989 100 3052 Si
118 2988 344 3072 pellexerunt:
366 2984 530 3066 perditum
549 2988 708 3064 amittunt
727 2987 870 3054 domum.

64 3076 161 3136 Nunc
181 3082 279 3150 portu
299 3070 335 3129 in
355 3071 434 3130 istoc
455 3079 518 3146 stat
537 3071 623 3130 navis
642 3068 851 3151 praedatoria,
920 3085 923 3092 ’

64 3157 130 3218 Abs
152 3172 213 3235 qua
233 3153 412 3213 cavendum
432 3149 524 3211 nobis
544 3169 619 3213 sane
641 3170 765 3215 censeo.

65 3238 138 3301 Mu.
164 3236 281 3298 Moneo
308 3232 440 3316 quidem
467 3230 578 3295 hercle
608 3245 708 3299 recte.
758 3233 843 3303 Mus.
874 3238 960 3304 Tum
988 3233 1126 3303 ⁴domum
1204 3315 1206 3318 ¹

524 3329 528 3336 ‘
578 3318 677 3379 sciam
844 3387 846 3391 p
984 3388 987 3394 Δ
1064 3326 1124 3386 260

65 3405 167 3468 Recte
187 3401 360 3471 monuisse,
381 3398 408 3458 si
427 3411 465 3459 tu
484 3410 570 3460 recte
592 3403 723 3465 caveris.
1004 3416 1008 3420 ⁴

65 3486 137 3548 Mn.
159 3485 246 3546 Tace
267 3484 349 3545 dum
366 3495 556 3561 parumper:
574 3501 652 3546 nam
667 3493 855 3570 concrepuit
870 3485 999 3551 ostium.
1024 3489 1029 3500 '

66 3569 251 3639 Videamus,
272 3566 329 3646 qui
347 3564 424 3625 hinc
445 3563 619 3646 egreditur.
651 3564 736 3631 Mus.
759 3572 830 3633 Hoc
847 3588 966 3654 ponam
980 3568 1123 3638 interim.
1160 3610 1163 3614 ⁴

67 3652 277 3714 Adservetote
297 3645 387 3721 haec,
409 3642 513 3728 pultis,
534 3645 664 3711 navales
689 3651 793 3730 pedes.

134 3844 191 3898 234.
216 3831 264 3881 V.:
288 3827 343 3880 obs.
367 3841 416 3881 est.
466 3838 524 3895 235.
541 3828 589 3885 vu
618 3828 651 3898 Q
669 3843 699 3883 ru
714 3833 781 3889 mul.
831 3847 890 3901 241.
905 3829 1027 3911 Ἀμέςρως
1047 3838 1124 3906 libri,

68 3901 194 3956 immisso
212 3901 404 3967 glossemate:
415 3900 461 3953 Pr.
478 3914 508 3954 tu
526 3917 561 3954 ne
578 3919 630 3973 quo
647 3899 732 3958 abeas
749 3907 824 3978 long.
842 3908 875 3960 ob
892 3913 954 3968 ud.
1004 3926 1063 3982 2⁵5·
1080 3916 1126 3970 lta

56 3970 156 4024 ‘Pelen
174 3970 267 4037 Vulgo
286 3969 406 4036 Rogant.
435 4043 437 4046 Ι
904 3989 905 3994 ’
