2725 4659
491 260 777 364 paparano,
1121 287 1167 360 ιι

106 457 313 570 umissiut
319 463 442 568 oreris
476 462 620 558 rebare
640 479 858 557 carew,
879 467 1052 558 ιιιιὶιιιιιν
1071 439 1169 553 aaut

19 667 21 670 .
104 605 193 676 baut
218 600 359 720 oppimi
371 596 619 690 redemtoris.
679 665 704 682 ,,
733 675 756 684 χ,
800 668 803 676 ,
959 659 962 680 ,
994 661 998 672 .
1159 621 1169 673 ι

127 738 272 814 llis
302 733 462 836 igitur
451 754 518 828 nos
531 730 644 828 fgetr
652 732 831 827 ιιιιιιιιι
839 748 877 818 et
905 693 1105 825 meliora
1092 763 1168 828 Jam

105 833 330 968 eucogitpssse
343 865 565 967 confidimus
588 867 726 966 multis,
750 892 841 960 quae
855 870 943 963 ipsi
939 873 1042 958 olim
1057 875 1170 967 scrip,

104 1008 222 1092 sirpus
246 1004 312 1081 in
309 949 603 1097 commentariis,
629 1001 762 1094 quibus
779 1003 862 1074 hos
861 1011 1017 1097 poetas,
1052 971 1169 1103 ippsi„

107 1140 192 1236 mis
205 1139 424 1235 Comicps,1
410 1139 594 1220 illustrate
601 1137 863 1241 studuimus,
875 1155 912 1210 et
935 1164 1021 1232 prae
1023 1144 1167 1218 ferenda

104 1274 286 1344 effinxisse
318 1294 504 1366 speramus
535 1270 699 1366 putidis
710 1271 865 1340 istorum
911 1273 1062 1361 chartis,
1092 1275 1170 1382 qui

104 1408 196 1479 dum
226 1410 458 1481 membranas
482 1406 602 1475 nescio
636 1429 725 1498 quas
748 1428 845 1474 raras
869 1420 977 1498 atque
1000 1409 1167 1505 incogni-

102 1559 167 1621 tas·
182 1558 340 1636 crepant,
365 1542 463 1611 nihil
487 1556 612 1609 tamen
635 1539 724 1608 inde
738 1540 939 1633 proferunt,
964 1543 1060 1634 quod
1085 1545 1167 1614 luce

10 1679 15 1696 '
104 1647 258 1777 dignuin
282 1677 338 1765 sit,
363 1677 496 1768 vixque
520 1697 638 1746 unum
658 1664 720 1742 uel
736 1675 894 1745 alterum
917 1678 1041 1747 locum
1057 1681 1166 1772 paulo

104 1811 350 1884 difficiliorem
387 1810 506 1906 longis
531 1808 729 1879 verborum
751 1810 1021 1902 phaleratorum
1046 1814 1167 1883 amba·

103 1946 209 2040 gibus
235 1945 531 2040 explanantes'in
562 1942 811 2038 perspicienda
833 1959 909 2016 tota
932 1946 1070 2017 horum
1093 1962 1167 2017 stu·

104 2078 250 2149 diorum
274 2054 415 2152 ratione
439 2078 595 2192 pessime
622 2079 842 2151 coecutiunt.
895 2082 1062 2174 Quorum
1086 2082 1165 2175 qui-

104 2215 188 2284 dem
213 2213 390 2307 promissa
415 2237 488 2306 quo
504 2214 662 2283 tandem
679 2235 803 2283 casura
827 2185 911 2301 sint,
936 2238 1058 2306 neque
1083 2239 1167 2310 ope·

104 2372 165 2419 rae
199 2348 359 2441 pretium
390 2347 534 2415 videtur
560 2348 736 2440 experiri,
770 2363 816 2415 et·
830 2349 1072 2440 metuendum
1104 2364 1168 2437 est,

106 2504 174 2568 ne,
201 2480 290 2549 dum
316 2502 376 2547 eos
401 2480 571 2573 respicio,
603 2480 672 2573 ipsi
697 2504 769 2571 quo
794 2482 916 2551 minus
939 2483 1086 2577 proprio
1111 2484 1168 2551 in·

105 2614 216 2711 genio
241 2615 387 2702 valent,
425 2637 470 2683 eo
502 2612 639 2684 avidius
664 2616 821 2683 aliorum
845 2615 1001 2686 feliciter
1026 2632 1168 2711 reperta

105 2749 289 2836 invadant,
313 2763 395 2818 nost
390 2771 596 2847 rerumque
617 2749 787 2842 inprimis
812 2750 1046 2844 sewiptorum,
1066 2752 1168 2843 quid·

105 2880 194 2976 quid
219 2882 343 2951 boni
333 2883 463 2951 millis
487 2883 582 2952 inest
597 2898 834 3010 excerpentes
860 2897 896 2952 et
919 2908 985 2979 pro
1002 2907 1067 2954 suo
1082 2908 1169 2955 ven·

106 3018 283 3102 ditantes,
309 3018 505 3109 fructum
495 3017 740 3110 mtercipiant.
839 3055 849 3076 ο

204 3149 276 3221 Sed
311 3151 437 3220 missos
470 3149 679 3220 faciamus
669 3174 818 3248 ignavos
842 3145 948 3248 istos,
991 3152 1054 3245 qui
1081 3151 1169 3223 dum

104 3286 210 3357 nobis
235 3284 509 3355 incommodare
523 3285 679 3372 student,
703 3286 794 3379 ipsis'
813 3285 919 3354 bonis
934 3287 1074 3373 litteris,
1090 3287 1169 3378 qui-

105 3422 171 3489 bus
206 3441 314 3510 opera
349 3418 468 3494 dicata
492 3434 615 3490 nostra
639 3435 709 3506 est,
743 3418 932 3506 officiunt,
964 3419 1169 3522 gratiorque

104 3552 227 3647 potius
259 3576 408 3650 agamus
445 3552 663 3640 Academiis,
703 3574 796 3644 quae
826 3554 965 3638 florent
994 3551 1169 3639 Berolini,

104 3686 299 3783 Friburgi,
310 3675 595 3783 Heidelbergae,
620 3685 824 3772 Monachii,
847 3682 1038 3771 Ultrajeui
1063 3681 1172 3769 (narn

104 3803 405 3892 Helmstadiensis
430 3821 543 3909 fuit),
574 3821 667 3890 item
698 3819 1002 3889 bibliothecarum
1027 3820 1170 3890 Desbil·

33 4027 37 4036 ,
104 3954 249 4042 leniae,
287 3977 380 4046 quae
412 3954 621 4025 Manhemii
652 3968 722 4039 est,
766 3967 873 4045 atque
908 3952 1101 4023 Gothanae
1134 3967 1172 4021 et
1239 4042 1241 4045 Α

104 4089 409 4181 Guelferbytanae
434 4087 640 4159 custodibus
657 4055 916 4173 xmeritissinris,
941 4077 1094 4180 aliisque
1118 4085 1170 4155 vi·
