<?xml version="1.0" encoding="UTF-8"?>
<!DOCTYPE html PUBLIC "-//W3C//DTD XHTML 1.0 Transitional//EN"
    "http://www.w3.org/TR/xhtml1/DTD/xhtml1-transitional.dtd">
<html xmlns="http://www.w3.org/1999/xhtml" xml:lang="en" lang="en">
 <head>
  <title>
</title>
<meta http-equiv="Content-Type" content="text/html;charset=utf-8" />
  <meta name='ocr-system' content='tesseract 3.04.00' />
  <meta name='ocr-capabilities' content='ocr_page ocr_carea ocr_par ocr_line ocrx_word'/>
</head>
<body>
  <div class='ocr_page' id='page_1' title='image "./mattiplauticomo00unkngoog/mattiplauticomo00unkngoog_0082.png"; bbox 0 0 2725 4659; ppageno 0'>
   <div class='ocr_carea' id='block_1_1' title="bbox 238 268 928 369">
    <p class='ocr_par' dir='ltr' id='par_1_1' title="bbox 238 268 928 369">
     <span class='ocr_line' id='line_1_1' title="bbox 238 268 928 369; baseline 0.001 -25"><span class='ocrx_word' id='word_1_1' title='bbox 238 287 288 369; x_wconf 70' lang='lat'><strong>43</strong></span> <span class='ocrx_word' id='word_1_2' title='bbox 563 273 618 343; x_wconf 91' lang='grc' dir='ltr'><strong>Μ.</strong></span> <span class='ocrx_word' id='word_1_3' title='bbox 666 274 709 343; x_wconf 79' lang='lat' dir='ltr'><strong>A.</strong></span> <span class='ocrx_word' id='word_1_4' title='bbox 744 268 928 344; x_wconf 74' lang='lat' dir='ltr'>PLAUTI</span> 
     </span>
    </p>
   </div>
   <div class='ocr_carea' id='block_1_2' title="bbox 144 449 1354 1420">
    <p class='ocr_par' dir='ltr' id='par_1_2' title="bbox 144 449 1354 1420">
     <span class='ocr_line' id='line_1_2' title="bbox 237 449 1303 539; baseline 0.003 -24"><span class='ocrx_word' id='word_1_5' title='bbox 237 455 286 516; x_wconf 86' lang='lat' dir='ltr'><strong>Ju.</strong></span> <span class='ocrx_word' id='word_1_6' title='bbox 307 452 393 515; x_wconf 80' lang='lat' dir='ltr'><strong>Tun·</strong></span> <span class='ocrx_word' id='word_1_7' title='bbox 415 471 468 514; x_wconf 85' lang='lat' dir='ltr'><strong>me</strong></span> <span class='ocrx_word' id='word_1_8' title='bbox 488 453 623 514; x_wconf 84' lang='lat' dir='ltr'><strong>mentiri</strong></span> <span class='ocrx_word' id='word_1_9' title='bbox 643 453 710 514; x_wconf 76' lang='lat' dir='ltr'><strong>ais?</strong></span> <span class='ocrx_word' id='word_1_10' title='bbox 751 455 817 517; x_wconf 76' lang='lat' dir='ltr'><strong>Au.</strong></span> <span class='ocrx_word' id='word_1_11' title='bbox 839 449 998 525; x_wconf 82' lang='lat' dir='ltr'>Mentire,</span> <span class='ocrx_word' id='word_1_12' title='bbox 1025 457 1174 539; x_wconf 86' lang='lat' dir='ltr'><strong>inquam,</strong></span> <span class='ocrx_word' id='word_1_13' title='bbox 1201 477 1303 523; x_wconf 79' lang='lat' dir='ltr'><strong>mese</strong></span> 
     </span>
     <span class='ocr_line' id='line_1_3' title="bbox 752 537 1213 616; baseline 0.004 -18"><span class='ocrx_word' id='word_1_14' title='bbox 752 551 922 616; x_wconf 84' lang='lat' dir='ltr'><strong>corruptor</strong></span> <span class='ocrx_word' id='word_1_15' title='bbox 941 537 1091 604; x_wconf 80' lang='lat' dir='ltr'><strong>familiae.</strong></span> <span class='ocrx_word' id='word_1_16' title='bbox 1140 543 1213 608; x_wconf 71' lang='lat' dir='ltr'><strong>it.</strong></span> 
     </span>
     <span class='ocr_line' id='line_1_4' title="bbox 237 617 1301 718; baseline 0.004 -37"><span class='ocrx_word' id='word_1_17' title='bbox 237 619 295 684; x_wconf 68' lang='lat' dir='ltr'><strong>Ju,</strong></span> <span class='ocrx_word' id='word_1_18' title='bbox 311 617 363 680; x_wconf 88' lang='lat' dir='ltr'><strong>Ob</strong></span> <span class='ocrx_word' id='word_1_19' title='bbox 383 620 465 679; x_wconf 80' lang='lat' dir='ltr'><strong>istuc</strong></span> <span class='ocrx_word' id='word_1_20' title='bbox 485 617 658 699; x_wconf 61' lang='lat' dir='ltr'><strong>imignum</strong></span> <span class='ocrx_word' id='word_1_21' title='bbox 677 618 810 718; x_wconf 35' lang='lat' dir='ltr'><strong>dictum.</strong></span> <span class='ocrx_word' id='word_1_22' title='bbox 829 632 862 680; x_wconf 84' lang='lat' dir='ltr'><strong>te</strong></span> <span class='ocrx_word' id='word_1_23' title='bbox 882 618 1034 683; x_wconf 80' lang='lat' dir='ltr'><strong>obstricto</strong></span> <span class='ocrx_word' id='word_1_24' title='bbox 1054 624 1136 684; x_wconf 85' lang='lat' dir='ltr'><strong>collo</strong></span> <span class='ocrx_word' id='word_1_25' title='bbox 1150 623 1228 687; x_wconf 83' lang='lat' dir='ltr'><strong>-hac</strong></span> <span class='ocrx_word' id='word_1_26' title='bbox 1249 640 1301 686; x_wconf 78' lang='lat' dir='ltr'><strong>er·</strong></span> 
     </span>
     <span class='ocr_line' id='line_1_5' title="bbox 334 719 1354 750; baseline -0.006 0"><span class='ocrx_word' id='word_1_27' title='bbox 334 741 340 750; x_wconf 72' lang='lat'><em>=</em></span> <span class='ocrx_word' id='word_1_28' title='bbox 1353 719 1354 744; x_wconf 80' lang='lat' dir='ltr'><strong>i</strong></span> 
     </span>
     <span class='ocr_line' id='line_1_6' title="bbox 236 721 1301 867; baseline 0.002 -20"><span class='ocrx_word' id='word_1_29' title='bbox 236 787 302 847; x_wconf 74' lang='lat' dir='ltr'><strong>Ans.</strong></span> <span class='ocrx_word' id='word_1_30' title='bbox 324 784 390 844; x_wconf 84' lang='lat' dir='ltr'><strong>Vae</strong></span> <span class='ocrx_word' id='word_1_31' title='bbox 410 785 524 846; x_wconf 83' lang='lat' dir='ltr'><strong>misero</strong></span> <span class='ocrx_word' id='word_1_32' title='bbox 545 783 643 845; x_wconf 90' lang='lat' dir='ltr'><strong>mihi!</strong></span> <span class='ocrx_word' id='word_1_33' title='bbox 685 785 736 843; x_wconf 72' lang='lat' dir='ltr'><strong>in.</strong></span> <span class='ocrx_word' id='word_1_34' title='bbox 750 721 1074 864; x_wconf 51' lang='lat' dir='ltr'><strong>relililaiilnpruecavisie</strong></span> <span class='ocrx_word' id='word_1_35' title='bbox 1091 793 1248 867; x_wconf 83' lang='lat' dir='ltr'><strong>oportuit.</strong></span> <span class='ocrx_word' id='word_1_36' title='bbox 1257 726 1301 784; x_wconf 63' lang='lat'><strong>25</strong></span> 
     </span>
     <span class='ocr_line' id='line_1_7' title="bbox 227 865 1297 948; baseline 0.007 -25"><span class='ocrx_word' id='word_1_37' title='bbox 227 889 235 896; x_wconf 93' lang='lat'><strong>·</strong></span> <span class='ocrx_word' id='word_1_38' title='bbox 724 872 792 931; x_wconf 78' lang='lat' dir='ltr'><strong>Am.</strong></span> <span class='ocrx_word' id='word_1_39' title='bbox 812 865 989 945; x_wconf 77' lang='lat' dir='ltr'><strong>Blephero,</strong></span> <span class='ocrx_word' id='word_1_40' title='bbox 1010 874 1171 948; x_wconf 79' lang='lat' dir='ltr'><strong>suppetias</strong></span> <span class='ocrx_word' id='word_1_41' title='bbox 1192 872 1297 933; x_wconf 80' lang='lat' dir='ltr'><strong>mihi!</strong></span> 
     </span>
     <span class='ocr_line' id='line_1_8' title="bbox 236 949 1298 1049; baseline -0.011 -35"><span class='ocrx_word' id='word_1_42' title='bbox 236 952 294 1015; x_wconf 73' lang='lat' dir='ltr'><strong>Bc.</strong></span> <span class='ocrx_word' id='word_1_43' title='bbox 317 952 508 1014; x_wconf 77' lang='lat' dir='ltr'><strong>consimiles</strong></span> <span class='ocrx_word' id='word_1_44' title='bbox 530 961 604 1012; x_wconf 84' lang='lat' dir='ltr'><strong>sunt</strong></span> <span class='ocrx_word' id='word_1_45' title='bbox 625 949 722 1023; x_wconf 85' lang='lat' dir='ltr'><strong>adeo,</strong></span> <span class='ocrx_word' id='word_1_46' title='bbox 743 962 798 1040; x_wconf 85' lang='lat' dir='ltr'><strong>ut,</strong></span> <span class='ocrx_word' id='word_1_47' title='bbox 826 953 895 1008; x_wconf 87' lang='lat' dir='ltr'><strong>utri</strong></span> <span class='ocrx_word' id='word_1_48' title='bbox 914 949 1035 1022; x_wconf 83' lang='lat' dir='ltr'><strong>adsim,</strong></span> <span class='ocrx_word' id='word_1_49' title='bbox 1063 954 1222 1049; x_wconf 77' lang='lat' dir='ltr'><strong>nesciam3</strong></span> <span class='ocrx_word' id='word_1_50' title='bbox 1251 956 1298 1015; x_wconf 54' lang='grc' dir='ltr'><strong>τί.</strong></span> 
     </span>
     <span class='ocr_line' id='line_1_9' title="bbox 229 1044 1354 1110; baseline -0.002 -15"><span class='ocrx_word' id='word_1_51' title='bbox 229 1065 234 1072; x_wconf 89' lang='grc'><em>·</em></span> <span class='ocrx_word' id='word_1_52' title='bbox 751 1051 829 1093; x_wconf 79' lang='lat' dir='ltr'><strong>xam</strong></span> <span class='ocrx_word' id='word_1_53' title='bbox 848 1044 970 1103; x_wconf 81' lang='lat' dir='ltr'><strong>tamen,</strong></span> <span class='ocrx_word' id='word_1_54' title='bbox 1116 1049 1161 1096; x_wconf 74' lang='lat' dir='ltr'><strong>&#39;n</strong></span> <span class='ocrx_word' id='word_1_55' title='bbox 1184 1050 1208 1098; x_wconf 87' lang='lat' dir='ltr'><strong>t.</strong></span> <span class='ocrx_word' id='word_1_56' title='bbox 1353 1047 1354 1110; x_wconf 53' lang='lat' dir='ltr'><strong>t</strong></span> 
     </span>
     <span class='ocr_line' id='line_1_10' title="bbox 144 1114 1354 1257; baseline -0.001 -77"><span class='ocrx_word' id='word_1_57' title='bbox 144 1181 147 1188; x_wconf 70' lang='grc'>,</span> <span class='ocrx_word' id='word_1_58' title='bbox 234 1116 281 1179; x_wconf 91' lang='lat' dir='ltr'><strong>Ut</strong></span> <span class='ocrx_word' id='word_1_59' title='bbox 303 1120 385 1198; x_wconf 88' lang='lat' dir='ltr'><strong>potis</strong></span> <span class='ocrx_word' id='word_1_60' title='bbox 407 1132 481 1194; x_wconf 76' lang='lat' dir='ltr'><strong>est,</strong></span> <span class='ocrx_word' id='word_1_61' title='bbox 496 1118 656 1181; x_wconf 79' lang='lat' dir='ltr'><strong>dirimam.</strong></span> <span class='ocrx_word' id='word_1_62' title='bbox 698 1115 904 1257; x_wconf 59' lang='lat' dir='ltr'><strong>Amphpltruo,</strong></span> <span class='ocrx_word' id='word_1_63' title='bbox 925 1114 996 1175; x_wconf 90' lang='lat' dir='ltr'><strong>noli</strong></span> <span class='ocrx_word' id='word_1_64' title='bbox 1015 1118 1295 1213; x_wconf 78' lang='lat' dir='ltr'><strong>Amphitruonem</strong></span> <span class='ocrx_word' id='word_1_65' title='bbox 1353 1127 1354 1202; x_wconf 49' lang='grc' dir='ltr'>ἦ</span> 
     </span>
     <span class='ocr_line' id='line_1_11' title="bbox 790 1218 1160 1258; baseline 0.008 -3"><span class='ocrx_word' id='word_1_66' title='bbox 790 1218 805 1255; x_wconf 77' lang='lat'><strong>1¹</strong></span> <span class='ocrx_word' id='word_1_67' title='bbox 1152 1241 1160 1258; x_wconf 64' lang='grc' dir='ltr'><strong>ο</strong></span> 
     </span>
     <span class='ocr_line' id='line_1_12' title="bbox 233 1214 1354 1420; baseline 0 -77"><span class='ocrx_word' id='word_1_68' title='bbox 233 1283 368 1345; x_wconf 89' lang='lat' dir='ltr'><strong>Duello!</strong></span> <span class='ocrx_word' id='word_1_69' title='bbox 412 1284 538 1362; x_wconf 89' lang='lat' dir='ltr'>Linque</span> <span class='ocrx_word' id='word_1_70' title='bbox 559 1283 695 1355; x_wconf 84' lang='lat' dir='ltr'><strong>collum,</strong></span> <span class='ocrx_word' id='word_1_71' title='bbox 723 1217 943 1359; x_wconf 53' lang='lat' dir='ltr'><strong>pieiorimtu.</strong></span> <span class='ocrx_word' id='word_1_72' title='bbox 973 1279 1071 1339; x_wconf 83' lang='lat' dir='ltr'><strong>Hunc</strong></span> <span class='ocrx_word' id='word_1_73' title='bbox 1097 1214 1295 1365; x_wconf 58' lang='lat' dir='ltr'><strong>tulithiphi·</strong></span> <span class='ocrx_word' id='word_1_74' title='bbox 1353 1331 1354 1420; x_wconf 48' lang='lat' dir='ltr'><strong>p</strong></span> 
     </span>
    </p>
   </div>
   <div class='ocr_carea' id='block_1_3' title="bbox 204 1362 1354 3924">
    <p class='ocr_par' dir='ltr' id='par_1_3' title="bbox 204 1362 1354 3924">
     <span class='ocr_line' id='line_1_13' title="bbox 747 1362 1067 1423; baseline -0.003 -1"><span class='ocrx_word' id='word_1_75' title='bbox 747 1376 897 1423; x_wconf 88' lang='lat' dir='ltr'><strong>truonem</strong></span> <span class='ocrx_word' id='word_1_76' title='bbox 916 1362 1067 1423; x_wconf 78' lang='lat' dir='ltr'><strong>dictitas?</strong></span> 
     </span>
     <span class='ocr_line' id='line_1_14' title="bbox 232 1446 1294 1529; baseline 0.002 -22"><span class='ocrx_word' id='word_1_77' title='bbox 232 1447 294 1508; x_wconf 83' lang='lat' dir='ltr'><strong>Bn.</strong></span> <span class='ocrx_word' id='word_1_78' title='bbox 310 1447 455 1524; x_wconf 83' lang='lat' dir='ltr'><strong>Quidni?</strong></span> <span class='ocrx_word' id='word_1_79' title='bbox 470 1465 554 1507; x_wconf 88' lang='lat' dir='ltr'><strong>unus</strong></span> <span class='ocrx_word' id='word_1_80' title='bbox 569 1446 665 1515; x_wconf 70' lang='lat' dir='ltr'><strong>olim,</strong></span> <span class='ocrx_word' id='word_1_81' title='bbox 689 1465 775 1505; x_wconf 91' lang='lat' dir='ltr'><strong>nunc</strong></span> <span class='ocrx_word' id='word_1_82' title='bbox 791 1465 866 1505; x_wconf 88' lang='lat' dir='ltr'><strong>vero</strong></span> <span class='ocrx_word' id='word_1_83' title='bbox 879 1456 987 1527; x_wconf 83' lang='lat' dir='ltr'><strong>pertus</strong></span> <span class='ocrx_word' id='word_1_84' title='bbox 1003 1461 1051 1506; x_wconf 87' lang='lat' dir='ltr'><strong>est</strong></span> <span class='ocrx_word' id='word_1_85' title='bbox 1066 1448 1225 1529; x_wconf 81' lang='lat' dir='ltr'><strong>geminus.</strong></span> <span class='ocrx_word' id='word_1_86' title='bbox 1251 1457 1294 1528; x_wconf 62' lang='lat' dir='ltr'><strong>go</strong></span> 
     </span>
     <span class='ocr_line' id='line_1_15' title="bbox 231 1526 1354 1608; baseline 0 -18"><span class='ocrx_word' id='word_1_87' title='bbox 231 1530 323 1592; x_wconf 86' lang='lat' dir='ltr'><strong>Dum</strong></span> <span class='ocrx_word' id='word_1_88' title='bbox 344 1544 381 1589; x_wconf 93' lang='lat' dir='ltr'><strong>tu</strong></span> <span class='ocrx_word' id='word_1_89' title='bbox 402 1531 447 1588; x_wconf 90' lang='lat' dir='ltr'><strong>vis</strong></span> <span class='ocrx_word' id='word_1_90' title='bbox 469 1549 555 1602; x_wconf 88' lang='lat' dir='ltr'><strong>esse,</strong></span> <span class='ocrx_word' id='word_1_91' title='bbox 576 1530 656 1589; x_wconf 89' lang='lat' dir='ltr'><strong>alter</strong></span> <span class='ocrx_word' id='word_1_92' title='bbox 677 1547 803 1608; x_wconf 91' lang='lat' dir='ltr'><strong>quoque</strong></span> <span class='ocrx_word' id='word_1_93' title='bbox 824 1548 890 1588; x_wconf 88' lang='lat' dir='ltr'><strong>esse</strong></span> <span class='ocrx_word' id='word_1_94' title='bbox 910 1526 1015 1587; x_wconf 84' lang='lat' dir='ltr'><strong>forma</strong></span> <span class='ocrx_word' id='word_1_95' title='bbox 1033 1547 1098 1588; x_wconf 89' lang='lat' dir='ltr'><strong>non</strong></span> <span class='ocrx_word' id='word_1_96' title='bbox 1121 1531 1248 1592; x_wconf 88' lang='lat' dir='ltr'><strong>desinit.</strong></span> <span class='ocrx_word' id='word_1_97' title='bbox 1353 1535 1354 1562; x_wconf 63' lang='lat'>¹</span> 
     </span>
     <span class='ocr_line' id='line_1_16' title="bbox 231 1603 1354 1691; baseline 0.004 -20"><span class='ocrx_word' id='word_1_98' title='bbox 231 1610 371 1682; x_wconf 84' lang='lat' dir='ltr'><strong>Interea,</strong></span> <span class='ocrx_word' id='word_1_99' title='bbox 388 1631 512 1691; x_wconf 84' lang='lat' dir='ltr'><strong>quaeso,</strong></span> <span class='ocrx_word' id='word_1_100' title='bbox 528 1612 649 1672; x_wconf 87' lang='lat' dir='ltr'><strong>collum</strong></span> <span class='ocrx_word' id='word_1_101' title='bbox 661 1611 781 1691; x_wconf 88' lang='lat' dir='ltr'><strong>linque.</strong></span> <span class='ocrx_word' id='word_1_102' title='bbox 823 1610 1291 1690; x_wconf 71' lang='lat' dir='ltr'><strong>JuLinqu03rec1dtcmihi,</strong></span> <span class='ocrx_word' id='word_1_103' title='bbox 1353 1603 1354 1674; x_wconf 65' lang='lat' dir='ltr'><strong>i</strong></span> 
     </span>
     <span class='ocr_line' id='line_1_17' title="bbox 246 1693 1354 1755; baseline 0 -1"><span class='ocrx_word' id='word_1_104' title='bbox 246 1727 252 1738; x_wconf 86' lang='lat'><strong>·</strong></span> <span class='ocrx_word' id='word_1_105' title='bbox 284 1697 289 1704; x_wconf 78' lang='grc'><strong>’</strong></span> <span class='ocrx_word' id='word_1_106' title='bbox 745 1693 913 1755; x_wconf 84' lang='lat' dir='ltr'><strong>videturne</strong></span> <span class='ocrx_word' id='word_1_107' title='bbox 936 1694 995 1754; x_wconf 90' lang='lat' dir='ltr'><strong>tihi</strong></span> <span class='ocrx_word' id='word_1_108' title='bbox 1353 1711 1354 1736; x_wconf 73' lang='lat'>³</span> 
     </span>
     <span class='ocr_line' id='line_1_18' title="bbox 229 1774 1288 1857; baseline 0.007 -21"><span class='ocrx_word' id='word_1_109' title='bbox 229 1774 307 1837; x_wconf 86' lang='lat' dir='ltr'><strong>Istic</strong></span> <span class='ocrx_word' id='word_1_110' title='bbox 322 1777 524 1857; x_wconf 79' lang='lat' dir='ltr'><strong>Amphitruo.</strong></span> <span class='ocrx_word' id='word_1_111' title='bbox 556 1774 614 1841; x_wconf 79' lang='lat' dir='ltr'><strong>Be.</strong></span> <span class='ocrx_word' id='word_1_112' title='bbox 630 1775 782 1857; x_wconf 89' lang='lat' dir='ltr'><strong>Uterque·</strong></span> <span class='ocrx_word' id='word_1_113' title='bbox 791 1776 932 1855; x_wconf 86' lang='lat' dir='ltr'><strong>quidem.</strong></span> <span class='ocrx_word' id='word_1_114' title='bbox 976 1778 1041 1838; x_wconf 83' lang='grc' dir='ltr'><strong>ΑΜ.</strong></span> <span class='ocrx_word' id='word_1_115' title='bbox 1055 1775 1142 1838; x_wconf 87' lang='lat' dir='ltr'>Proh</span> <span class='ocrx_word' id='word_1_116' title='bbox 1156 1796 1288 1843; x_wconf 77' lang='lat' dir='ltr'><strong>summe</strong></span> 
     </span>
     <span class='ocr_line' id='line_1_19' title="bbox 743 1858 1354 1938; baseline -0.002 -20"><span class='ocrx_word' id='word_1_117' title='bbox 743 1860 886 1938; x_wconf 86' lang='lat' dir='ltr'><strong>Jupiter,</strong></span> <span class='ocrx_word' id='word_1_118' title='bbox 909 1859 965 1918; x_wconf 88' lang='lat' dir='ltr'><strong>nbi</strong></span> <span class='ocrx_word' id='word_1_119' title='bbox 980 1858 1082 1918; x_wconf 89' lang='lat' dir='ltr'><strong>hodie</strong></span> <span class='ocrx_word' id='word_1_120' title='bbox 1353 1881 1354 1888; x_wconf 51' lang='lat'>¹</span> 
     </span>
     <span class='ocr_line' id='line_1_20' title="bbox 227 1937 1287 2025; baseline -0.004 -24"><span class='ocrx_word' id='word_1_121' title='bbox 227 1937 317 2004; x_wconf 89' lang='lat' dir='ltr'><strong>Mihi</strong></span> <span class='ocrx_word' id='word_1_122' title='bbox 336 1944 476 2004; x_wconf 80' lang='lat' dir='ltr'><strong>formem</strong></span> <span class='ocrx_word' id='word_1_123' title='bbox 496 1937 637 2008; x_wconf 75' lang='lat' dir='ltr'><strong>adimis?</strong></span> <span class='ocrx_word' id='word_1_124' title='bbox 657 1977 699 1992; x_wconf 88' lang='lat'><em>-</em></span> <span class='ocrx_word' id='word_1_125' title='bbox 717 1945 821 2021; x_wconf 81' lang='lat' dir='ltr'><strong>Pergo</strong></span> <span class='ocrx_word' id='word_1_126' title='bbox 843 1960 1004 2020; x_wconf 84' lang='lat' dir='ltr'><strong>quaerere.</strong></span> <span class='ocrx_word' id='word_1_127' title='bbox 1045 1942 1131 2003; x_wconf 89' lang='lat' dir='ltr'><strong>Tun’</strong></span> <span class='ocrx_word' id='word_1_128' title='bbox 1148 1945 1287 2025; x_wconf 84' lang='lat' dir='ltr'><strong>Amphi.</strong></span> 
     </span>
     <span class='ocr_line' id='line_1_21' title="bbox 431 2022 1286 2108; baseline 0.008 -26"><span class='ocrx_word' id='word_1_129' title='bbox 431 2023 434 2029; x_wconf 68' lang='grc'><strong><em>’</em></strong></span> <span class='ocrx_word' id='word_1_130' title='bbox 740 2022 835 2091; x_wconf 65' lang='lat' dir='ltr'><strong>truc?</strong></span> <span class='ocrx_word' id='word_1_131' title='bbox 878 2024 929 2087; x_wconf 86' lang='lat' dir='ltr'><strong>Jn.</strong></span> <span class='ocrx_word' id='word_1_132' title='bbox 950 2025 1001 2084; x_wconf 89' lang='lat' dir='ltr'><strong>Tu</strong></span> <span class='ocrx_word' id='word_1_133' title='bbox 1020 2025 1144 2108; x_wconf 72' lang='lat' dir='ltr'><strong>neges?</strong></span> <span class='ocrx_word' id='word_1_134' title='bbox 1163 2037 1188 2087; x_wconf 87' lang='lat' dir='ltr'><strong>t.</strong></span> <span class='ocrx_word' id='word_1_135' title='bbox 1207 2042 1236 2089; x_wconf 90' lang='lat' dir='ltr'><strong>t.</strong></span> <span class='ocrx_word' id='word_1_136' title='bbox 1258 2048 1286 2089; x_wconf 86' lang='lat' dir='ltr'><strong>c.</strong></span> 
     </span>
     <span class='ocr_line' id='line_1_22' title="bbox 226 2106 1354 2193; baseline 0.004 -24"><span class='ocrx_word' id='word_1_137' title='bbox 226 2109 293 2171; x_wconf 77' lang='lat' dir='ltr'><strong>Aru.</strong></span> <span class='ocrx_word' id='word_1_138' title='bbox 314 2112 472 2193; x_wconf 85' lang='lat' dir='ltr'><strong>Pernego,</strong></span> <span class='ocrx_word' id='word_1_139' title='bbox 493 2109 618 2189; x_wconf 84' lang='lat' dir='ltr'><strong>quando</strong></span> <span class='ocrx_word' id='word_1_140' title='bbox 638 2107 759 2168; x_wconf 84' lang='lat' dir='ltr'><strong>Thebis</strong></span> <span class='ocrx_word' id='word_1_141' title='bbox 779 2120 905 2188; x_wconf 89' lang='lat' dir='ltr'><strong>praeter</strong></span> <span class='ocrx_word' id='word_1_142' title='bbox 924 2127 977 2167; x_wconf 91' lang='lat' dir='ltr'><strong>me</strong></span> <span class='ocrx_word' id='word_1_143' title='bbox 993 2106 1074 2167; x_wconf 82' lang='lat' dir='ltr'><strong>alter</strong></span> <span class='ocrx_word' id='word_1_144' title='bbox 1093 2127 1190 2170; x_wconf 89' lang='lat' dir='ltr'><strong>nemo</strong></span> <span class='ocrx_word' id='word_1_145' title='bbox 1204 2116 1284 2173; x_wconf 88' lang='lat' dir='ltr'><strong>Am·</strong></span> <span class='ocrx_word' id='word_1_146' title='bbox 1353 2127 1354 2150; x_wconf 83' lang='lat'>³</span> 
     </span>
     <span class='ocr_line' id='line_1_23' title="bbox 225 2188 1284 2272; baseline 0.013 -33"><span class='ocrx_word' id='word_1_147' title='bbox 225 2211 229 2216; x_wconf 95' lang='lat'><em>·</em></span> <span class='ocrx_word' id='word_1_148' title='bbox 738 2188 869 2270; x_wconf 86' lang='lat' dir='ltr'><strong>phitruo</strong></span> <span class='ocrx_word' id='word_1_149' title='bbox 888 2202 945 2251; x_wconf 85' lang='lat' dir='ltr'><strong>est.</strong></span> <span class='ocrx_word' id='word_1_150' title='bbox 1080 2204 1103 2252; x_wconf 88' lang='lat' dir='ltr'><strong>t.</strong></span> <span class='ocrx_word' id='word_1_151' title='bbox 1125 2205 1148 2253; x_wconf 88' lang='lat' dir='ltr'><strong>t.</strong></span> <span class='ocrx_word' id='word_1_152' title='bbox 1171 2211 1196 2255; x_wconf 89' lang='lat' dir='ltr'><strong>c.</strong></span> <span class='ocrx_word' id='word_1_153' title='bbox 1241 2209 1284 2272; x_wconf 76' lang='lat'><strong>55</strong></span> 
     </span>
     <span class='ocr_line' id='line_1_24' title="bbox 225 2271 1283 2356; baseline 0.001 -20"><span class='ocrx_word' id='word_1_154' title='bbox 225 2274 276 2337; x_wconf 83' lang='lat' dir='ltr'><strong>Jn.</strong></span> <span class='ocrx_word' id='word_1_155' title='bbox 305 2275 376 2337; x_wconf 90' lang='lat' dir='ltr'><strong>Imo</strong></span> <span class='ocrx_word' id='word_1_156' title='bbox 398 2288 525 2356; x_wconf 86' lang='lat' dir='ltr'><strong>praeter</strong></span> <span class='ocrx_word' id='word_1_157' title='bbox 544 2294 598 2336; x_wconf 89' lang='lat' dir='ltr'><strong>me</strong></span> <span class='ocrx_word' id='word_1_158' title='bbox 618 2292 733 2342; x_wconf 81' lang='lat' dir='ltr'><strong>nem03</strong></span> <span class='ocrx_word' id='word_1_159' title='bbox 755 2286 851 2353; x_wconf 81' lang='lat' dir='ltr'><strong>etque</strong></span> <span class='ocrx_word' id='word_1_160' title='bbox 871 2271 950 2332; x_wconf 88' lang='lat' dir='ltr'><strong>adeo</strong></span> <span class='ocrx_word' id='word_1_161' title='bbox 963 2286 1019 2344; x_wconf 80' lang='lat' dir='ltr'><strong>tu,</strong></span> <span class='ocrx_word' id='word_1_162' title='bbox 1039 2272 1210 2353; x_wconf 86' lang='lat' dir='ltr'><strong>Blepharo,</strong></span> <span class='ocrx_word' id='word_1_163' title='bbox 1233 2275 1283 2351; x_wconf 87' lang='lat' dir='ltr'><strong>ju-</strong></span> 
     </span>
     <span class='ocr_line' id='line_1_25' title="bbox 282 2356 1354 2424; baseline 0.003 -10"><span class='ocrx_word' id='word_1_164' title='bbox 282 2381 284 2386; x_wconf 53' lang='lat'>&lt;</span> <span class='ocrx_word' id='word_1_165' title='bbox 626 2365 631 2374; x_wconf 87' lang='grc'><strong><em>’</em></strong></span> <span class='ocrx_word' id='word_1_166' title='bbox 740 2356 802 2415; x_wconf 83' lang='lat' dir='ltr'><strong>dex</strong></span> <span class='ocrx_word' id='word_1_167' title='bbox 824 2356 894 2416; x_wconf 86' lang='lat' dir='ltr'><strong>sies.</strong></span> <span class='ocrx_word' id='word_1_168' title='bbox 1134 2359 1155 2420; x_wconf 80' lang='lat' dir='ltr'><strong>i,</strong></span> <span class='ocrx_word' id='word_1_169' title='bbox 1172 2369 1196 2417; x_wconf 89' lang='lat' dir='ltr'><strong>t.</strong></span> <span class='ocrx_word' id='word_1_170' title='bbox 1353 2373 1354 2424; x_wconf 80' lang='lat' dir='ltr'><strong>j</strong></span> 
     </span>
     <span class='ocr_line' id='line_1_26' title="bbox 223 2433 1354 2521; baseline -0.001 -17"><span class='ocrx_word' id='word_1_171' title='bbox 223 2439 282 2504; x_wconf 74' lang='lat' dir='ltr'><strong>Be.</strong></span> <span class='ocrx_word' id='word_1_172' title='bbox 304 2441 435 2501; x_wconf 85' lang='lat' dir='ltr'><strong>Faciam</strong></span> <span class='ocrx_word' id='word_1_173' title='bbox 453 2440 507 2511; x_wconf 79' lang='lat' dir='ltr'><strong>it,</strong></span> <span class='ocrx_word' id='word_1_174' title='bbox 529 2441 556 2501; x_wconf 87' lang='lat' dir='ltr'><strong>si</strong></span> <span class='ocrx_word' id='word_1_175' title='bbox 576 2458 667 2521; x_wconf 91' lang='lat' dir='ltr'><strong>queo,</strong></span> <span class='ocrx_word' id='word_1_176' title='bbox 689 2438 788 2519; x_wconf 80' lang='lat' dir='ltr'><strong>signis</strong></span> <span class='ocrx_word' id='word_1_177' title='bbox 807 2436 922 2518; x_wconf 85' lang='lat' dir='ltr'><strong>pelam.</strong></span> <span class='ocrx_word' id='word_1_178' title='bbox 944 2438 1093 2498; x_wconf 81' lang='lat' dir='ltr'><strong>Prius-tu</strong></span> <span class='ocrx_word' id='word_1_179' title='bbox 1113 2438 1281 2520; x_wconf 82' lang='lat' dir='ltr'><strong>responde.</strong></span> <span class='ocrx_word' id='word_1_180' title='bbox 1353 2433 1354 2480; x_wconf 53' lang='lat' dir='ltr'><strong>i</strong></span> 
     </span>
     <span class='ocr_line' id='line_1_27' title="bbox 736 2519 1354 2604; baseline -0.002 -24"><span class='ocrx_word' id='word_1_181' title='bbox 736 2523 802 2581; x_wconf 75' lang='lat' dir='ltr'><strong>AM.</strong></span> <span class='ocrx_word' id='word_1_182' title='bbox 823 2519 952 2581; x_wconf 85' lang='lat' dir='ltr'><strong>Lubens</strong></span> <span class='ocrx_word' id='word_1_183' title='bbox 1134 2525 1157 2586; x_wconf 78' lang='lat' dir='ltr'><strong>i.</strong></span> <span class='ocrx_word' id='word_1_184' title='bbox 1172 2533 1195 2584; x_wconf 86' lang='lat' dir='ltr'><strong>t.</strong></span> <span class='ocrx_word' id='word_1_185' title='bbox 1353 2543 1354 2604; x_wconf 40' lang='lat' dir='ltr'><strong>p</strong></span> 
     </span>
     <span class='ocr_line' id='line_1_28' title="bbox 222 2601 1281 2744; baseline 0.002 -79"><span class='ocrx_word' id='word_1_186' title='bbox 222 2603 281 2665; x_wconf 84' lang='lat' dir='ltr'><strong>Bn.</strong></span> <span class='ocrx_word' id='word_1_187' title='bbox 302 2608 485 2685; x_wconf 81' lang='lat' dir='ltr'><strong>Antequam</strong></span> <span class='ocrx_word' id='word_1_188' title='bbox 512 2621 589 2665; x_wconf 89' lang='lat' dir='ltr'><strong>cum</strong></span> <span class='ocrx_word' id='word_1_189' title='bbox 615 2601 747 2681; x_wconf 83' lang='lat' dir='ltr'><strong>Taphiis</strong></span> <span class='ocrx_word' id='word_1_190' title='bbox 775 2622 805 2744; x_wconf 76' lang='lat' dir='ltr'><strong>ah</strong></span> <span class='ocrx_word' id='word_1_191' title='bbox 821 2615 854 2662; x_wconf 83' lang='lat' dir='ltr'><strong>te</strong></span> <span class='ocrx_word' id='word_1_192' title='bbox 880 2621 990 2684; x_wconf 81' lang='lat' dir='ltr'><strong>pugna</strong></span> <span class='ocrx_word' id='word_1_193' title='bbox 1011 2615 1057 2663; x_wconf 91' lang='lat' dir='ltr'><strong>est</strong></span> <span class='ocrx_word' id='word_1_194' title='bbox 1077 2606 1176 2675; x_wconf 86' lang='lat' dir='ltr'><strong>inita,</strong></span> <span class='ocrx_word' id='word_1_195' title='bbox 1198 2605 1281 2688; x_wconf 85' lang='lat' dir='ltr'><strong>quid</strong></span> 
     </span>
     <span class='ocr_line' id='line_1_29' title="bbox 735 2685 1195 2749; baseline 0.009 -5"><span class='ocrx_word' id='word_1_196' title='bbox 735 2685 820 2745; x_wconf 88' lang='lat' dir='ltr'><strong>mii</strong></span> <span class='ocrx_word' id='word_1_197' title='bbox 909 2721 913 2728; x_wconf 91' lang='lat'><em>-</em></span> <span class='ocrx_word' id='word_1_198' title='bbox 1086 2700 1110 2747; x_wconf 91' lang='lat' dir='ltr'><strong>t.</strong></span> <span class='ocrx_word' id='word_1_199' title='bbox 1126 2701 1151 2747; x_wconf 89' lang='lat' dir='ltr'><strong>t.</strong></span> <span class='ocrx_word' id='word_1_200' title='bbox 1168 2706 1195 2749; x_wconf 87' lang='lat' dir='ltr'><strong>c.</strong></span> 
     </span>
     <span class='ocr_line' id='line_1_30' title="bbox 220 2767 1354 2847; baseline 0.001 -16"><span class='ocrx_word' id='word_1_201' title='bbox 220 2768 408 2836; x_wconf 58' lang='lat' dir='ltr'><strong>Mandastiss</strong></span> <span class='ocrx_word' id='word_1_202' title='bbox 476 2771 543 2835; x_wconf 78' lang='lat' dir='ltr'><strong>Ans.</strong></span> <span class='ocrx_word' id='word_1_203' title='bbox 588 2767 669 2841; x_wconf 76' lang='lat' dir='ltr'><strong>Ut,</strong></span> <span class='ocrx_word' id='word_1_204' title='bbox 711 2779 820 2847; x_wconf 83' lang='lat' dir='ltr'><strong>parate</strong></span> <span class='ocrx_word' id='word_1_205' title='bbox 858 2767 949 2842; x_wconf 84' lang='lat' dir='ltr'><strong>navi,</strong></span> <span class='ocrx_word' id='word_1_206' title='bbox 999 2767 1092 2828; x_wconf 82' lang='lat' dir='ltr'><strong>clavo</strong></span> <span class='ocrx_word' id='word_1_207' title='bbox 1130 2770 1280 2833; x_wconf 80' lang='lat' dir='ltr'><strong>haereres</strong></span> <span class='ocrx_word' id='word_1_208' title='bbox 1353 2821 1354 2838; x_wconf 64' lang='grc'>,</span> 
     </span>
     <span class='ocr_line' id='line_1_31' title="bbox 733 2850 1193 2915; baseline 0.013 -7"><span class='ocrx_word' id='word_1_209' title='bbox 733 2850 861 2909; x_wconf 85' lang='lat' dir='ltr'><strong>sedulo:</strong></span> <span class='ocrx_word' id='word_1_210' title='bbox 1100 2865 1193 2915; x_wconf 89' lang='lat' dir='ltr'><strong>t.t.c.</strong></span> 
     </span>
     <span class='ocr_line' id='line_1_32' title="bbox 219 2932 1277 3015; baseline 0.004 -20"><span class='ocrx_word' id='word_1_211' title='bbox 219 2932 284 3006; x_wconf 90' lang='lat' dir='ltr'><strong>Ut,</strong></span> <span class='ocrx_word' id='word_1_212' title='bbox 319 2934 432 3015; x_wconf 82' lang='lat' dir='ltr'><strong>fugam</strong></span> <span class='ocrx_word' id='word_1_213' title='bbox 469 2935 497 2994; x_wconf 89' lang='lat' dir='ltr'><strong>si</strong></span> <span class='ocrx_word' id='word_1_214' title='bbox 529 2933 631 2993; x_wconf 89' lang='lat' dir='ltr'><strong>nostri</strong></span> <span class='ocrx_word' id='word_1_215' title='bbox 665 2933 823 3004; x_wconf 82' lang='lat' dir='ltr'><strong>facerent,</strong></span> <span class='ocrx_word' id='word_1_216' title='bbox 875 2944 948 2993; x_wconf 86' lang='lat' dir='ltr'><strong>tuto</strong></span> <span class='ocrx_word' id='word_1_217' title='bbox 985 2932 1065 2994; x_wconf 88' lang='lat' dir='ltr'><strong>illuc</strong></span> <span class='ocrx_word' id='word_1_218' title='bbox 1099 2955 1153 2995; x_wconf 88' lang='lat' dir='ltr'><strong>me</strong></span> <span class='ocrx_word' id='word_1_219' title='bbox 1191 2940 1277 3000; x_wconf 87' lang='lat' dir='ltr'><strong>reci-</strong></span> 
     </span>
     <span class='ocr_line' id='line_1_33' title="bbox 733 3030 1275 3099; baseline 0.013 -25"><span class='ocrx_word' id='word_1_220' title='bbox 733 3034 853 3095; x_wconf 86' lang='lat' dir='ltr'><strong>perem.</strong></span> <span class='ocrx_word' id='word_1_221' title='bbox 1052 3045 1054 3050; x_wconf 61' lang='grc'>’</span> <span class='ocrx_word' id='word_1_222' title='bbox 1084 3030 1142 3079; x_wconf 79' lang='lat' dir='ltr'><strong>tr.</strong></span> <span class='ocrx_word' id='word_1_223' title='bbox 1160 3037 1187 3077; x_wconf 87' lang='lat' dir='ltr'><strong>c.</strong></span> <span class='ocrx_word' id='word_1_224' title='bbox 1233 3040 1275 3099; x_wconf 84' lang='lat'><strong>40</strong></span> 
     </span>
     <span class='ocr_line' id='line_1_34' title="bbox 217 3098 1275 3172; baseline 0.004 -12"><span class='ocrx_word' id='word_1_225' title='bbox 217 3098 267 3163; x_wconf 79' lang='lat' dir='ltr'><strong>Ju.</strong></span> <span class='ocrx_word' id='word_1_226' title='bbox 288 3098 375 3160; x_wconf 87' lang='lat' dir='ltr'><strong>Item</strong></span> <span class='ocrx_word' id='word_1_227' title='bbox 401 3098 503 3172; x_wconf 85' lang='lat' dir='ltr'><strong>aliud,</strong></span> <span class='ocrx_word' id='word_1_228' title='bbox 537 3105 717 3160; x_wconf 79' lang='lat' dir='ltr'><strong>servaretur</strong></span> <span class='ocrx_word' id='word_1_229' title='bbox 741 3110 778 3157; x_wconf 88' lang='lat' dir='ltr'><strong>ut</strong></span> <span class='ocrx_word' id='word_1_230' title='bbox 805 3110 1013 3161; x_wconf 75' lang='lat' dir='ltr'><strong>nummatum</strong></span> <span class='ocrx_word' id='word_1_231' title='bbox 1043 3102 1125 3163; x_wconf 84' lang='lat' dir='ltr'><strong>bene</strong></span> <span class='ocrx_word' id='word_1_232' title='bbox 1150 3121 1275 3164; x_wconf 75' lang='lat' dir='ltr'><strong>marsu-</strong></span> 
     </span>
     <span class='ocr_line' id='line_1_35' title="bbox 447 3199 1187 3259; baseline 0.009 -20"><span class='ocrx_word' id='word_1_233' title='bbox 447 3243 452 3254; x_wconf 54' lang='grc'>’</span> <span class='ocrx_word' id='word_1_234' title='bbox 724 3199 824 3259; x_wconf 75' lang='lat' dir='ltr'><strong>Plum</strong></span> <span class='ocrx_word' id='word_1_235' title='bbox 917 3225 920 3230; x_wconf 64' lang='lat'>&gt;</span> <span class='ocrx_word' id='word_1_236' title='bbox 1126 3204 1148 3243; x_wconf 71' lang='lat'><strong>1·</strong></span> <span class='ocrx_word' id='word_1_237' title='bbox 1164 3199 1187 3248; x_wconf 74' lang='lat' dir='ltr'><strong>t.</strong></span> 
     </span>
     <span class='ocr_line' id='line_1_36' title="bbox 214 3261 1271 3347; baseline 0.002 -19"><span class='ocrx_word' id='word_1_238' title='bbox 214 3273 280 3328; x_wconf 82' lang='lat' dir='ltr'><strong>An.</strong></span> <span class='ocrx_word' id='word_1_239' title='bbox 301 3266 394 3345; x_wconf 80' lang='lat' dir='ltr'><strong>Quae</strong></span> <span class='ocrx_word' id='word_1_240' title='bbox 415 3264 592 3345; x_wconf 69' lang='lat' dir='ltr'><strong>pecuniae?</strong></span> <span class='ocrx_word' id='word_1_241' title='bbox 632 3261 690 3326; x_wconf 79' lang='lat' dir='ltr'><strong>Bt..</strong></span> <span class='ocrx_word' id='word_1_242' title='bbox 711 3263 808 3336; x_wconf 87' lang='lat' dir='ltr'><strong>Tace,</strong></span> <span class='ocrx_word' id='word_1_243' title='bbox 824 3265 875 3336; x_wconf 88' lang='lat' dir='ltr'><strong>sis,</strong></span> <span class='ocrx_word' id='word_1_244' title='bbox 897 3275 951 3325; x_wconf 88' lang='lat' dir='ltr'><strong>tn:</strong></span> <span class='ocrx_word' id='word_1_245' title='bbox 973 3285 1085 3327; x_wconf 86' lang='lat' dir='ltr'><strong>meum</strong></span> <span class='ocrx_word' id='word_1_246' title='bbox 1104 3281 1152 3327; x_wconf 86' lang='lat' dir='ltr'><strong>est</strong></span> <span class='ocrx_word' id='word_1_247' title='bbox 1173 3287 1271 3347; x_wconf 88' lang='lat' dir='ltr'><strong>quae-</strong></span> 
     </span>
     <span class='ocr_line' id='line_1_37' title="bbox 727 3345 1185 3416; baseline 0.007 -9"><span class='ocrx_word' id='word_1_248' title='bbox 727 3364 807 3407; x_wconf 84' lang='lat' dir='ltr'><strong>rere.</strong></span> <span class='ocrx_word' id='word_1_249' title='bbox 830 3345 953 3408; x_wconf 86' lang='lat' dir='ltr'><strong>Scisne</strong></span> <span class='ocrx_word' id='word_1_250' title='bbox 973 3362 1012 3410; x_wconf 88' lang='lat' dir='ltr'><strong>tn</strong></span> <span class='ocrx_word' id='word_1_251' title='bbox 1091 3360 1185 3416; x_wconf 74' lang='lat' dir='ltr'><strong>t,t,c.</strong></span> 
     </span>
     <span class='ocr_line' id='line_1_38' title="bbox 210 3425 1278 3511; baseline -0.002 -17"><span class='ocrx_word' id='word_1_252' title='bbox 210 3431 416 3499; x_wconf 60' lang='lat' dir='ltr'><strong>Numerum?</strong></span> <span class='ocrx_word' id='word_1_253' title='bbox 456 3429 507 3493; x_wconf 83' lang='lat' dir='ltr'><strong>Ju.</strong></span> <span class='ocrx_word' id='word_1_254' title='bbox 528 3425 664 3491; x_wconf 86' lang='lat' dir='ltr'><strong>Talenta</strong></span> <span class='ocrx_word' id='word_1_255' title='bbox 685 3429 916 3511; x_wconf 83' lang='lat' dir='ltr'><strong>quinquaginta</strong></span> <span class='ocrx_word' id='word_1_256' title='bbox 935 3427 1053 3491; x_wconf 81' lang='lat' dir='ltr'><strong>Attica.</strong></span> <span class='ocrx_word' id='word_1_257' title='bbox 1111 3431 1146 3494; x_wconf 74' lang='lat' dir='ltr'><strong>&#39;i&#39;</strong></span> <span class='ocrx_word' id='word_1_258' title='bbox 1160 3454 1184 3496; x_wconf 84' lang='lat' dir='ltr'><strong>s.</strong></span> <span class='ocrx_word' id='word_1_259' title='bbox 1274 3465 1278 3476; x_wconf 75' lang='grc'><em>·</em></span> 
     </span>
     <span class='ocr_line' id='line_1_39' title="bbox 210 3506 1271 3598; baseline 0.004 -23"><span class='ocrx_word' id='word_1_260' title='bbox 210 3506 280 3578; x_wconf 50' lang='lat' dir='ltr'><strong>Bt(</strong></span> <span class='ocrx_word' id='word_1_261' title='bbox 296 3515 358 3576; x_wconf 90' lang='lat' dir='ltr'><strong>Hic</strong></span> <span class='ocrx_word' id='word_1_262' title='bbox 385 3534 455 3576; x_wconf 86' lang='lat' dir='ltr'><strong>rem</strong></span> <span class='ocrx_word' id='word_1_263' title='bbox 468 3515 669 3575; x_wconf 60' lang='lat' dir='ltr'><strong>&gt;examussim</strong></span> <span class='ocrx_word' id='word_1_264' title='bbox 691 3525 834 3583; x_wconf 85' lang='lat' dir='ltr'><strong>enarrat,</strong></span> <span class='ocrx_word' id='word_1_265' title='bbox 856 3525 955 3574; x_wconf 79' lang='lat' dir='ltr'><strong>etta.</strong></span> <span class='ocrx_word' id='word_1_266' title='bbox 978 3512 1064 3591; x_wconf 87' lang='lat' dir='ltr'><strong>Quot</strong></span> <span class='ocrx_word' id='word_1_267' title='bbox 1084 3513 1271 3598; x_wconf 59' lang='lat' dir='ltr'><strong>Philippei?</strong></span> 
     </span>
     <span class='ocr_line' id='line_1_40' title="bbox 726 3594 1183 3659; baseline 0.004 -5"><span class='ocrx_word' id='word_1_268' title='bbox 726 3597 793 3656; x_wconf 80' lang='lat' dir='ltr'><strong>Au.</strong></span> <span class='ocrx_word' id='word_1_269' title='bbox 814 3595 889 3653; x_wconf 90' lang='lat' dir='ltr'><strong>Duo</strong></span> <span class='ocrx_word' id='word_1_270' title='bbox 908 3594 1022 3659; x_wconf 79' lang='lat' dir='ltr'><strong>miliia.</strong></span> <span class='ocrx_word' id='word_1_271' title='bbox 1120 3600 1142 3659; x_wconf 89' lang='lat' dir='ltr'><strong>i.</strong></span> <span class='ocrx_word' id='word_1_272' title='bbox 1159 3612 1183 3658; x_wconf 86' lang='lat' dir='ltr'><strong>t.</strong></span> 
     </span>
     <span class='ocr_line' id='line_1_41' title="bbox 207 3675 1270 3757; baseline 0.005 -17"><span class='ocrx_word' id='word_1_273' title='bbox 207 3677 259 3743; x_wconf 87' lang='lat' dir='ltr'><strong>Jr.</strong></span> <span class='ocrx_word' id='word_1_274' title='bbox 296 3679 396 3742; x_wconf 88' lang='lat' dir='ltr'><strong>Oboli</strong></span> <span class='ocrx_word' id='word_1_275' title='bbox 433 3700 506 3743; x_wconf 86' lang='lat' dir='ltr'><strong>vero</strong></span> <span class='ocrx_word' id='word_1_276' title='bbox 541 3676 675 3740; x_wconf 83' lang='lat' dir='ltr'><strong>totidem</strong></span> <span class='ocrx_word' id='word_1_277' title='bbox 709 3678 768 3741; x_wconf 82' lang='lat' dir='ltr'><strong>bis.</strong></span> <span class='ocrx_word' id='word_1_278' title='bbox 792 3727 800 3748; x_wconf 83' lang='lat'>‚</span> <span class='ocrx_word' id='word_1_279' title='bbox 822 3675 880 3740; x_wconf 80' lang='lat' dir='ltr'><strong>Bn.</strong></span> <span class='ocrx_word' id='word_1_280' title='bbox 903 3676 1053 3757; x_wconf 50' lang='lat' dir='ltr'><strong>‘Uterque</strong></span> <span class='ocrx_word' id='word_1_281' title='bbox 1075 3697 1145 3741; x_wconf 87' lang='lat' dir='ltr'><strong>rem</strong></span> <span class='ocrx_word' id='word_1_282' title='bbox 1172 3693 1270 3745; x_wconf 86' lang='lat' dir='ltr'><strong>tenet</strong></span> 
     </span>
     <span class='ocr_line' id='line_1_42' title="bbox 720 3757 1267 3846; baseline 0.007 -26"><span class='ocrx_word' id='word_1_283' title='bbox 720 3757 828 3844; x_wconf 80' lang='lat' dir='ltr'><strong>probe.</strong></span> <span class='ocrx_word' id='word_1_284' title='bbox 1015 3817 1017 3824; x_wconf 79' lang='grc'><strong><em>,</em></strong></span> <span class='ocrx_word' id='word_1_285' title='bbox 1072 3774 1095 3823; x_wconf 89' lang='lat' dir='ltr'><strong>t.</strong></span> <span class='ocrx_word' id='word_1_286' title='bbox 1110 3772 1135 3827; x_wconf 84' lang='lat' dir='ltr'><strong>t.</strong></span> <span class='ocrx_word' id='word_1_287' title='bbox 1151 3784 1180 3827; x_wconf 87' lang='lat' dir='ltr'><strong>c.</strong></span> <span class='ocrx_word' id='word_1_288' title='bbox 1223 3782 1267 3846; x_wconf 75' lang='lat'><strong>45</strong></span> 
     </span>
     <span class='ocr_line' id='line_1_43' title="bbox 204 3839 1223 3924; baseline 0.003 -19"><span class='ocrx_word' id='word_1_289' title='bbox 204 3839 296 3905; x_wconf 84' lang='lat' dir='ltr'><strong>Intus</strong></span> <span class='ocrx_word' id='word_1_290' title='bbox 315 3847 352 3906; x_wconf 91' lang='lat' dir='ltr'><strong>in</strong></span> <span class='ocrx_word' id='word_1_291' title='bbox 371 3864 526 3909; x_wconf 84' lang='lat' dir='ltr'><strong>crumena</strong></span> <span class='ocrx_word' id='word_1_292' title='bbox 542 3842 689 3906; x_wconf 83' lang='lat' dir='ltr'><strong>clausurn</strong></span> <span class='ocrx_word' id='word_1_293' title='bbox 710 3845 849 3905; x_wconf 82' lang='lat' dir='ltr'><strong>alterum</strong></span> <span class='ocrx_word' id='word_1_294' title='bbox 864 3861 930 3905; x_wconf 88' lang='lat' dir='ltr'><strong>esse</strong></span> <span class='ocrx_word' id='word_1_295' title='bbox 942 3846 1093 3924; x_wconf 84' lang='lat' dir='ltr'><strong>oportuit</strong></span> <span class='ocrx_word' id='word_1_296' title='bbox 1127 3860 1152 3913; x_wconf 83' lang='lat' dir='ltr'><strong>t.</strong></span> <span class='ocrx_word' id='word_1_297' title='bbox 1160 3861 1223 3913; x_wconf 76' lang='lat' dir='ltr'><strong>tc.</strong></span> 
     </span>
    </p>
   </div>
   <div class='ocr_carea' id='block_1_4' title="bbox 202 4025 1279 4193">
    <p class='ocr_par' dir='ltr' id='par_1_4' title="bbox 202 4025 1279 4193">
     <span class='ocr_line' id='line_1_44' title="bbox 269 4025 1266 4124; baseline 0.009 -22"><span class='ocrx_word' id='word_1_298' title='bbox 269 4062 310 4115; x_wconf 76' lang='lat' dir='ltr'><strong>og.</strong></span> <span class='ocrx_word' id='word_1_299' title='bbox 334 4053 381 4109; x_wconf 55' lang='grc' dir='ltr'><strong>τὶς</strong></span> <span class='ocrx_word' id='word_1_300' title='bbox 408 4053 446 4107; x_wconf 76' lang='lat' dir='ltr'><strong>Ue</strong></span> <span class='ocrx_word' id='word_1_301' title='bbox 466 4068 565 4124; x_wconf 75' lang='lat' dir='ltr'><strong>potest.-</strong></span> <span class='ocrx_word' id='word_1_302' title='bbox 595 4085 598 4090; x_wconf 67' lang='lat'><strong><em>‹</em></strong></span> <span class='ocrx_word' id='word_1_303' title='bbox 612 4060 655 4123; x_wconf 75' lang='lat'><strong>58.</strong></span> <span class='ocrx_word' id='word_1_304' title='bbox 678 4053 726 4109; x_wconf 83' lang='lat' dir='ltr'><strong>V.:</strong></span> <span class='ocrx_word' id='word_1_305' title='bbox 746 4067 840 4121; x_wconf 77' lang='lat' dir='ltr'><strong>pugno</strong></span> <span class='ocrx_word' id='word_1_306' title='bbox 862 4049 899 4104; x_wconf 76' lang='lat' dir='ltr'><strong>sit</strong></span> <span class='ocrx_word' id='word_1_307' title='bbox 916 4047 995 4106; x_wconf 81' lang='lat' dir='ltr'><strong>inita.</strong></span> <span class='ocrx_word' id='word_1_308' title='bbox 1046 4066 1088 4120; x_wconf 72' lang='grc' dir='ltr'><strong>μ.</strong></span> <span class='ocrx_word' id='word_1_309' title='bbox 1106 4025 1154 4112; x_wconf 40' lang='lat' dir='ltr'><strong>&#39;Va</strong></span> <span class='ocrx_word' id='word_1_310' title='bbox 1176 4055 1266 4111; x_wconf 76' lang='lat' dir='ltr'><strong>Scisti</strong></span> 
     </span>
     <span class='ocr_line' id='line_1_45' title="bbox 202 4120 1279 4193; baseline -0.003 -20"><span class='ocrx_word' id='word_1_311' title='bbox 202 4125 370 4173; x_wconf 51' lang='lat' dir='ltr'><strong>numerum?</strong></span> <span class='ocrx_word' id='word_1_312' title='bbox 413 4138 456 4192; x_wconf 68' lang='lat'><strong>45,</strong></span> <span class='ocrx_word' id='word_1_313' title='bbox 473 4125 583 4193; x_wconf 69' lang='lat' dir='ltr'><strong>quicqu.</strong></span> <span class='ocrx_word' id='word_1_314' title='bbox 599 4138 659 4176; x_wconf 90' lang='lat' dir='ltr'><strong>non</strong></span> <span class='ocrx_word' id='word_1_315' title='bbox 675 4120 819 4191; x_wconf 86' lang='lat' dir='ltr'><strong>liquescit.</strong></span> <span class='ocrx_word' id='word_1_316' title='bbox 959 4161 962 4170; x_wconf 92' lang='lat'><em>.</em></span> <span class='ocrx_word' id='word_1_317' title='bbox 1275 4161 1279 4170; x_wconf 96' lang='lat'>.</span> 
     </span>
    </p>
   </div>
   <div class='ocr_carea' id='block_1_5' title="bbox 0 0 1368 4659">
    <p class='ocr_par' dir='ltr' id='par_1_5' title="bbox 0 0 1368 4659">
     <span class='ocr_line' id='line_1_46' title="bbox 0 0 1368 4659; baseline 0 8"><span class='ocrx_word' id='word_1_318' title='bbox 0 0 1368 4659; x_wconf 95' lang='lat' dir='ltr'><strong> </strong></span> 
     </span>
    </p>
   </div>
  </div>
 </body>
</html>
