2725 4659
31 231 47 300 l.

228 297 279 367 90
560 271 616 366 iu.
646 272 716 344 n„
762 270 946 349 rurum

226 449 286 511 Me
305 450 429 526 malim,
453 469 547 531 qnam
568 444 647 514 haec
667 467 735 514 non
756 452 825 528 ejus
845 451 943 516 uxori
963 450 1144 514 indicemi·
1177 492 1189 498 -

226 535 304 595 Ain’
326 536 386 596 tu?
408 535 494 615 apud
512 535 651 598 amicam
670 554 790 598 munus
809 534 1046 596 adulescentuli

226 616 388 699 Fungare,
408 619 503 679 uxori
523 635 656 677 excuses
675 629 711 676 te
733 630 765 678 et
785 616 870 678 dicas
891 617 1025 678 senem?
1127 659 1130 666 »

225 698 401 779 Praeripias
422 712 561 761 scottum
581 700 831 779 cruentiorque
852 712 1025 780 argentum
1046 696 1166 762 obicias
1225 718 1286 779 790

224 780 354 842 Lenaei
376 784 513 862 suppiles
534 782 620 843 clam
639 782 727 842 domi
748 801 883 844 uxorem
905 781 1017 842 tuam?

225 862 420 944 Suspendam
440 868 547 945 potius
567 885 636 934 me,
658 884 756 943 qoam
776 867 873 925 tacita
893 862 974 924 haec
993 862 1134 924 auferas!

224 946 295 1006 Jam
312 949 439 1025 quidem
455 948 495 1008 ed
509 948 602 1008 illam
622 946 730 1010 hercle
742 946 820 1010 hinc
835 945 901 1014 ibo,
917 964 1013 1026 quam
1029 958 1066 1006 tu
1081 944 1281 1023 propediem,

176 1027 180 1036 ’
223 1029 267 1091 Ni
286 1032 417 1109 quidem
437 1031 494 1092 illa
514 1024 764 1109 anteoooupassit
784 1043 827 1099 te,
848 1029 977 1111 ecfliges
999 1029 1084 1087 scios

222 1114 385 1174 Luxuriae
406 1125 528 1174 sumtus
548 1112 751 1191 suppeditare
772 1125 808 1173 ut
828 1115 953 1192 possiet.
1220 1128 1280 1190 795

221 1195 279 1256 Pu.
299 1197 369 1279 Ego
390 1197 433 1255 sic
452 1195 644 1256 faciundum
661 1213 795 1255 censeo:
817 1215 871 1255 me
892 1193 1085 1263 honestiust,
1252 1265 1254 1268 v

223 1278 330 1354 Quam
351 1291 396 1346 te,
417 1277 523 1357 palam
542 1278 627 1337 hanc
647 1297 718 1337 rem
737 1278 859 1339 iacere:
882 1295 924 1340 ne
943 1275 1002 1337 illa
1022 1275 1211 1349 existumet,

221 1363 350 1419 Amoris
370 1378 463 1420 causa
484 1361 644 1439 percitum
663 1357 698 1418 id
718 1360 829 1421 fecisse
849 1373 883 1419 te

221 1441 331 1522 Mage,
347 1457 445 1519 quem
455 1461 514 1502 tua
529 1460 631 1502 causa.
665 1441 723 1504 Dr.
738 1445 780 1502 At
798 1442 853 1522 pol
867 1443 946 1522 quin
960 1441 1045 1502 dixti
1067 1442 1197 1504 rectius.

221 1524 273 1583 Tu
293 1523 464 1605 erigniaco,
485 1537 523 1583 ut
542 1523 593 1583 illi
611 1524 740 1598 turbas,
761 1525 848 1597 litis,
870 1527 1012 1585 conciat:
1220 1535 1279 1594 8⁰0

221 1606 308 1665 Cum
327 1625 383 1665 suo
405 1606 464 1667 sibi
484 1619 580 1688 gnato
601 1625 704 1666 unam
726 1609 767 1667 ad
786 1610 922 1668 amicam
944 1607 984 1666 de
1003 1605 1056 1667 die

220 1688 352 1757 Potare3
374 1687 465 1749 illam
486 1689 630 1770 expilare
653 1690 749 1750 clam.
781 1692 838 1753 Pa.
860 1693 911 1752 Ne
932 1710 986 1750 me
1007 1707 1123 1749 mona:

220 1770 291 1854 Ego
311 1771 394 1832 istuc
413 1770 541 1837 curabo.
578 1771 635 1833 Dr.
657 1775 699 1834 At
720 1794 780 1856 ego
801 1787 834 1835 te
854 1774 976 1851 operiar
996 1771 1094 1834 domi.

364 2132 710 2236 incurreres.
753 2133 1126 2201 nruurnrrus.

216 2309 277 2366 An.
299 2303 379 2384 Age,
399 2300 642 2371 decumbamus,
660 2300 817 2381 sis,pater.
840 2301 902 2362 Du.
919 2300 1109 2379 Utjusseris,
1133 2302 1276 2373 i.s.1v‚2

217 2383 268 2446 Mi
313 2398 397 2458 nate,
418 2389 464 2447 ite
490 2383 555 2446 fiat.
599 2386 658 2447 Ais.
685 2384 795 2452 Pueri,
819 2403 964 2466 mensam
990 2384 1152 2463 adponite.
1215 2396 1276 2462 805

215 2469 278 2530 Du.
290 2407 544 2547 llumquidnam
564 2467 626 2527 tibi
645 2467 821 2527 molestum
837 2481 895 2533 est,
935 2479 1008 2527 nate
1029 2467 1086 2538 mi,
1108 2469 1276 2528 simecum

726 2548 808 2609 haec
829 2488 988 2609 adcubat?
1098 2567 1102 2574 ·
1152 2553 1175 2613 i.
1193 2563 1215 2611 t.

216 2640 277 2693 Ar.
305 2633 428 2705 Pietas,
457 2643 563 2710 pater,
592 2630 735 2691 dolorem
762 2630 912 2710 prohibet
933 2630 1054 2692 oculis:
1077 2651 1273 2713 quamquam

728 2714 830 2776 istanc
852 2734 942 2774 amo:

215 2799 350 2860 Possum
384 2794 535 2876 equidem
568 2795 721 2857 inducere
755 2798 920 2865 animum,
956 2816 999 2857 ne
1033 2813 1128 2878 aegre
1161 2800 1272 2879 patiar,
1347 2867 1348 2880 χ

728 2881 802 2957 quia
821 2894 930 2940 tecum
954 2878 1099 2942 adcubat.

215 2963 278 3024 Dr.
301 2962 404 3023 Decet
425 2961 643 3023 verecundum
666 2980 731 3022 esse
752 2963 1007 3031 adulescentem,
1028 2963 1213 3044 Argyrippo.

923 3045 982 3105 Aa.
1003 3040 1148 3121 Edepol,
1169 3059 1272 3126 pater,

214 3124 337 3188 Merito
358 3140 416 3188 tuo
436 3127 542 3191 facere
562 3147 702 3208 possum.
744 3125 807 3190 Du.
828 3129 897 3207 Age
922 3145 1010 3207 ergo,
1032 3128 1191 3207 agitemus
1209 3127 1273 3189 hoc

664 3254 669 3258 s
728 3211 913 3269 convivium
1210 3219 1272 3280 81⁰

213 3295 294 3353 Vino
317 3306 349 3352 et
371 3313 516 3356 sermone
538 3293 644 3355 suavi!
666 3291 744 3351 nolo
766 3312 826 3372 ego
846 3292 970 3363 metui,
991 3293 1092 3351 amari
1112 3291 1252 3356 mavolo.

213 3377 265 3439 Mi
285 3389 400 3459 gnate,
421 3398 475 3441 me
496 3371 551 3439 abs
572 3391 614 3439 te.
657 3377 716 3441 Au.
739 3375 798 3437 Pol
827 3391 886 3456 ego
908 3381 1082 3452 utrumque
1103 3374 1205 3449 facio,
1234 3387 1272 3436 ut
1346 3403 1347 3412 ¹

724 3476 862 3538 aequom
883 3468 929 3517 est
949 3455 1068 3518 filium.
1167 3518 1175 3532 ‚

279 3686 335 3740 794.
361 3643 410 3723 l'.t
434 3668 512 3719 Misi.
549 3665 622 3744 Ι79ΐι.
646 3667 691 3717 Ita
714 3663 811 3716 Guelf.
829 3662 986 3717 Helmstad.
1003 3670 1033 3715 et
1048 3670 1117 3715 vett.
1135 3663 1199 3716 edd.
1217 3665 1272 3717 u:

130 3781 136 3792 ,
205 3738 379 3803 jaciendum.
398 3738 515 3787 Formas
530 3732 669 3798 eJusmodi
681 3731 859 3800 antiquiores
871 3730 977 3797 passim
993 3728 1116 3788 restitui.
1151 3747 1209 3802 799.
1226 3730 1273 3784 Sic

183 3811 186 3815 “
211 3803 274 3862 iero
291 3812 359 3856 cett.
377 3804 425 3854 Va
445 3804 479 3851 At
495 3820 520 3868 p.
541 3802 587 3867 qui
603 3801 631 3849 ei.
649 3817 669 3848 r.
688 3797 732 3850 Cf.
750 3797 992 3914 Amphpffi,etc’
1042 3797 1164 3862 8⁰41t²
1178 3798 1272 3861 major

210 3887 275 3938 pers
292 3867 444 3921 librorum.
463 3868 512 3920 V.:
529 3865 649 3932 Agedum
667 3865 787 3915 decumb.
801 3895 834 3905 -
943 3861 1005 3914 Vid.
1029 3871 1088 3913 not.
1112 3862 1149 3915 ad
1164 3863 1272 3933 Amph·

214 3946 271 4000 235.
322 3934 380 3995 806.
404 3933 451 3986 Sic
468 3933 559 3985 nostri
583 3930 663 3982 codd.
689 3931 798 3998 Langg.
823 3938 890 3987 vett,
915 3928 978 3980 edd.
1005 3931 1052 3980 Va
1071 3929 1097 3979 si
1112 3930 1183 3980 haec
1201 3947 1274 3982 nime

211 4021 277 4052 mec.
296 4002 434 4052 occubat?
483 4009 542 4067 8⁰7·
561 4001 605 4050 V.:
625 4016 668 4066 qu.
688 4015 737 4065 ego
756 4000 799 4048 ist.
819 4015 888 4048 amo.
912 3995 1029 4049 Gustu:
1050 3996 1141 4048 istanc
1160 4011 1221 4065 ego,
1238 4003 1275 4050 ul

209 4069 308 4137 rogari
325 4071 416 4120 solent
433 4065 611 4134 glossemata.
668 4101 673 4107 .
783 4102 787 4110 ,
