2725 4659
225 251 294 301 ron
504 239 507 244 ’
562 223 617 294 M.
669 222 712 294 A.
764 221 948 293 PLAUTI

221 408 287 470 Dat
308 403 395 467 mihi
415 422 556 467 coronas.
598 403 674 479 Ejus
696 403 828 466 honoris
858 403 965 483 gratia

224 491 319 558 Feci,
340 488 533 548 thesaurum
554 499 591 547 ut
609 486 662 548 hic
684 490 842 568 reperiret
862 487 991 560 Euclio,

230 573 303 649 Quo
324 570 417 630 illam
436 570 561 631 facilius
582 583 738 650 nuptam,
760 572 787 630 si
808 571 927 642 vellet,
949 571 1055 630 daret:
1129 605 1132 614 ·

227 655 315 715 Nam
336 670 411 712 eam·
428 654 605 731 conpressit
626 653 665 712 de
687 672 816 735 summo
837 653 1026 713 adulescens
1047 653 1141 724 loco;

146 781 148 785 μ
228 736 260 796 Is
282 738 340 795 scit
361 733 564 808 adulescens,
587 754 667 815 quae
691 738 749 806 sit,
771 753 867 816 quam
889 738 1126 815 conpresserit3

228 818 289 879 Illa
309 818 407 878 illum
428 820 550 892 nescit,
571 838 678 897 neque
699 838 903 897 conpressam
925 832 1035 879 autem
1056 832 1179 897 pater..
1263 839 1300 897 3⁰
1343 865 1344 872 ,

230 901 313 961 Eam
332 920 392 981 ego
414 899 510 963 hodie
530 901 647 982 faciam
669 914 707 960 ut
726 900 780 1042 {ic
802 921 901 986 senex
923 903 962 968 de
982 921 1142 982 proxumo
1343 907 1344 910 ’

231 983 299 1043 Sibi
320 997 427 1062 poscat
449 999 604 1043 uxorem:
629 983 660 1043 id
683 1003 719 1043 ea
755 979 859 1049 aciam'
877 984 990 1064 gratia,
1030 1013 1032 1016 ·
1198 1009 1202 1014 ·

231 1067 305 1146 Quo
327 1066 383 1125 ille
404 1084 476 1126 eam
498 1066 625 1127 facilius
646 1065 759 1136 ducat,
782 1066 839 1145 qui
860 1077 1097 1145 conpresserats

230 1148 385 1220 Etenim,
408 1151 465 1227 qui
486 1164 595 1227 poscet
617 1168 690 1210 earn
711 1148 773 1210 sibi
794 1168 931 1209 uxorem
955 1169 1066 1221 senex,
1129 1142 1136 1152 ’

229 1231 262 1293 Is
284 1231 496 1291 adulescentis
517 1232 607 1293 illius
628 1245 675 1293 est
698 1232 887 1300 avonculus,

233 1315 300 1392 Qui
320 1312 420 1375 illanc
442 1316 738 1391 stupravitnoctu,
760 1312 886 1376 Cereris
909 1313 1040 1396 vigiliis.

231 1396 295 1455 Sed
316 1396 369 1455 hic
391 1414 490 1455 senex
510 1394 576 1468 jam
596 1397 715 1462 clamat
735 1398 850 1471 intus,
862 1408 902 1456 ut
916 1396 1024 1469 lsolet3

230 1480 343 1545 Anum
363 1478 447 1537 foras
470 1479 633 1550 extrudit,
654 1501 698 1540 ne
719 1481 759 1539 sit
780 1481 917 1540 conscia.
990 1485 993 1490 '

233 1560 358 1631 Credo,
381 1579 497 1622 aurum
519 1561 677 1642 inspicere
700 1563 785 1634 volt,
806 1582 847 1624 ne
869 1564 1057 1644 subreptum
1079 1563 1151 1626 siet.

635 1745 902 1758 Q*-

445 1959 697 2026 EUCLIO.
751 1958 1089 2027 STAPHYLA.

231 2121 291 2185 Eu.
307 2126 382 2206 Eri,
395 2113 548 2205 inquam!
563 2145 632 2209 age,
648 2125 718 2186 exi!
735 2124 922 2187 exeundum
938 2126 1049 2188 hercle
1064 2139 1111 2189 est
1128 2126 1202 2197 tibi,
1216 2128 1237 2190 i.
1249 2122 1292 2186 sl.
1328 2135 1331 2142 '

233 2208 543 2290 Circumspectatrix
565 2229 642 2272 cum
663 2208 762 2270 oculis
784 2209 966 2272 emissitiis!
1116 2285 1119 2292 Ι

234 2290 312 2353 Sex.
334 2291 421 2351 Nam
442 2311 502 2351 cur
522 2311 576 2354 me
590 2293 745 2356 miseram
761 2285 932 2374 verberas?
974 2291 1033 2352 Eu.
1054 2290 1101 2351 Ut
1116 2294 1232 2353 misera
1248 2291 1294 2376 sis,

190 2390 193 2396 ·
235 2375 342 2451 Atque
363 2387 399 2433 ut
421 2387 453 2434 te
470 2367 627 2455 dignam,
649 2377 752 2447 mala,
773 2374 895 2454 malam
916 2378 1058 2436 aetatem
1079 2377 1207 2456 exigas!

235 2455 312 2516 S‘rA.
335 2459 505 2535 Namsgqua
525 2478 579 2518 me
594 2475 688 2518 'nunc
709 2455 802 2517 causa
823 2450 990 2530 extrusisti
1011 2459 1053 2517 eri
1073 2457 1227 2517 aedibus?
1279 2472 1297 2534 5
1343 2465 1344 2470 ’

235 2537 297 2600 En,
318 2537 394 2597 Tibi
415 2559 476 2620 ego
498 2540 655 2600 rationem
676 2539 830 2613 reddam,
852 2541 1057 2601 stimulorum
1079 2540 1192 2623 seges?
1256 2610 1259 2618 Ι

145 2682 147 2687 ,
237 2619 322 2681 llluc
342 2622 511 2702 regredere
533 2621 573 2680 ab
596 2623 694 2704 ostio!
716 2622 811 2693 illuc,
834 2617 891 2698 sis,
914 2624 998 2696 vide,

236 2702 283 2763 Ut
304 2703 406 2762 cedit!
430 2707 473 2762 At
494 2705 591 2777 scin’,
617 2701 779 2788 quomodo
800 2705 862 2766 tibi
881 2699 933 2766 're‘s
954 2726 986 2765 se
1007 2705 1132 2765 habet?
1216 2703 1231 2768 '.

238 2783 273 2844 Si
298 2784 394 2845 hodie
416 2786 527 2852 hercle
547 2786 668 2849 fustem
693 2807 805 2869 cepero
824 2802 882 2847 aut
904 2788 1072 2849 stimulum
1091 2790 1128 2848 in
1147 2787 1295 2852 manum:
1343 2847 1344 2854 ,

221 2865 476 2927 Testudinem
496 2869 597 2929 istum
616 2872 687 2929 tibi·
700 2889 759 2951 ego
781 2871 937 2954 grandibo
958 2871 1112 2957 gradum!
1263 2885 1297 2932 Io
1343 2929 1344 2932 ,

148 2977 151 2981 ·
237 2948 315 3011 Sne.
338 2950 473 3010 Utinam
494 2971 546 3011 me
568 2952 630 3017 divi
651 2954 783 3014 adaxint
806 2953 849 3013 ad·
866 2954 1076 3033 suspendium
1343 2957 1344 2960 ’

208 3052 214 3064 ·
236 3032 348 3092 Potius
370 3032 521 3112 quidem,
543 3055 638 3116 quam
660 3035 722 3100 hoc
743 3027 836 3113 pacto
849 3035 943 3117 'apud
963 3050 996 3095 te
1019 3037 1170 3102 serviam!

237 3117 297 3176 En.
319 3121 362 3176 At
383 3131 419 3176 nt
442 3113 575 3178 scelesta
596 3120 662 3178 sola
684 3138 794 3181 secum
814 3119 1013 3180 murmurat!
1046 3155 1047 3160 κ
1160 3127 1163 3134 “

238 3195 357 3259 Oculos
377 3198 487 3272 hercle
508 3200 603 3273 istos,
620 3199 777 3284 inproba,
801 3203 961 3262 ecfodiam
982 3200 1065 3262 tibi:
1117 3214 1119 3217 ’
1170 3247 1173 3252 ,
1343 3249 1344 3268 1

233 3281 287 3343 Ne
309 3302 362 3342 me
384 3283 549 3344 observare
569 3286 688 3365 possis,
713 3277 791 3372 quid
811 3303 924 3364 rerum
946 3304 1068 3370 geram.
1264 3299 1299 3361 15
1343 3351 1344 3382 ἢ

303 3473 317 3509 2
337 3497 344 3509 .
370 3459 449 3510 illam
464 3467 522 3512 vet⁴
535 3459 612 3512 liber
624 3460 739 3539 Carnes.
758 3458 857 3539 etPal.
874 3475 900 3525 4.
924 3458 998 3539 Pell.
1019 3473 1096 3518 1,2..:
1118 3457 1152 3528 Q.
1171 3459 1220 3512 illc
1233 3439 1297 3539 enon

237 3528 285 3577 Ἠ
313 3474 348 3594 ὅ.
373 3545 440 3578 eam,
496 3542 538 3595 54.
563 3529 612 3582 V.2
630 3525 677 3586 ,Et
699 3528 761 3593 luo,
787 3545 833 3597 qur
855 3546 882 3595 p.
906 3525 1040 3579 Acidalio
1059 3524 1194 3596 placebat
1223 3528 1299 3578 Enim
1343 3527 1344 3592 l

237 3593 283 3644 hic
301 3610 326 3710 ἵ.
346 3612 370 3654 p.
397 3601 401 3614 ¹

315 3662 324 3681 Ἰ

325 3659 429 3713 abulae
446 3678 529 3714 versu
547 3678 571 3715 1.
588 3658 628 3711 sic
645 3659 730 3728 plane
747 3657 898 3730 legebatur
920 3661 951 3712 in
967 3660 1133 3727 Langianis.
1157 3663 1188 3712 V.
1213 3660 1298 3711 hercle
1343 3663 1344 3736 j

233 3726 286 3794 ¹tihi
303 3727 367 3776 hinc
386 3742 427 3779 est
438 3730 540 3797 foras,
559 3726 832 3782 metro-durissimo.
868 3729 923 3786 Exi
938 3743 997 3782 non
1014 3727 1180 3780 elidendum
1212 3729 1297 3787 &Vn
1343 3739 1344 3776 3

234 3807 264 3844 ut
285 3795 411 3846 Incedit:
437 3812 504 3846 nam
523 3808 552 3843 nt
568 3793 684 3845 additur
702 3793 885 3863 praecedenti
901 3795 1008 3845 versui.
1043 3791 1096 3843 Hic
1113 3797 1246 3862 quoque,
1269 3801 1298 3850 nt
1343 3783 1344 3854 l

235 3862 374 3911 sexcentis
392 3862 457 3913 aliis
474 3862 504 3911 in
520 3860 592 3912 locis
601 3898 609 3925 ,
647 3860 794 3913 lossemati
810 3861 896 3918 cessit
912 3860 1039 3928 genuina
1055 3865 1125 3924 uox,
1140 3860 1298 3930 Plautoque
1343 3863 1344 3886 ¹

234 3924 318 3980 valde
343 3927 503 3982 ilrrnlliaris.
538 3927 601 3978 vid.
624 3875 709 3979 {arei
731 3926 815 3987 lexic,
839 3929 934 3986 suut.
960 3943 985 3977 v.
1010 3925 1137 3994 Cadere,
1162 3926 1299 3986 incedere.
1343 3919 1344 3958 l

236 4006 275 4057 14.
298 3995 345 4059 V.,
367 3994 398 4045 Ο.
419 3996 445 4044 lt.
465 4011 513 4060 ego
534 3995 609 4046 istos,
