2725 4659
172 889 573 1018 PROLOGUS
609 903 1064 1016 SUPPOSITUS.

511 1167 731 1196 M

465 1422 779 1522 SILENUS.

87 1526 260 1635 Mirum
277 1573 373 1635 hodie
395 1583 453 1647 est,
475 1587 663 1654 spectatores
683 1577 720 1635 ni
740 1578 776 1636 in
796 1572 954 1635 subselliis

86 1665 242 1727 Ridiculo
263 1664 459 1743 obitrepunt,
480 1668 628 1750 tuseiunt,
649 1663 785 1724 ronches
805 1663 903 1734 cient,

88 1746 290 1807 Consulcent
308 1746 449 1806 frontem
471 1760 503 1806 et
523 1746 802 1830 orelconcrepario

89 1831 293 1909 Frequenter
313 1830 458 1888 fremunt
479 1842 573 1906 atque
593 1830 677 1889 male
698 1828 878 1890 mussitent.
922 1867 925 1870 -

90 1912 158 1970 Vix
178 1914 213 1971 in
234 1910 362 1984 juventa
381 1910 489 1971 locum
510 1911 675 1971 obtineant

90 1999 163 2053 Aut
182 1993 283 2075 glabri
303 1992 492 2066 histriones,
513 2006 570 2053 aut
589 1993 725 2072 pervolsi
745 1991 846 2054 ludiit

92 2076 183 2154 Quid
203 2088 385 2135 veternosus
413 2077 517 2155 prodit
537 2076 759 2136 internuncius

92 2155 221 2226 Senex,
244 2159 299 2235 qui
320 2156 411 2217 dorso
432 2158 537 2217 fertur
564 2158 724 2218 asinario?

93 2241 274 2310 Attendite,
295 2260 419 2318 quaeso,
440 2254 534 2318 atque
555 2242 703 2299 animum
725 2239 890 2308 advortite,
1072 2263 1091 2297 t

92 2323 188 2383 Dum
209 2342 328 2382 nomen
348 2322 443 2395 hujus
458 2322 596 2399 eloquor
617 2324 772 2381 statariae.

94 2408 247 2483 Aequom
269 2418 334 2475 est,
355 2422 406 2462 vos
428 2404 487 2462 deo
508 2404 614 2463 facere
637 2403 814 2465 silentium.

94 2486 215 2550 Officio
236 2488 299 2547 oris
319 2505 385 2546 non
407 2486 502 2545 decet
521 2486 593 2547 illos
615 2485 711 2554 utier,

94 2572 164 2649 Qui
183 2589 249 2628 non
270 2582 308 2630 ut
327 2569 477 2636 clement,
500 2568 555 2628 sed
576 2581 611 2630 ut
632 2581 786 2646 spectent,
806 2568 950 2629 veniunt.

94 2656 196 2712 Auris
216 2651 288 2711 dete
310 2653 442 2729 otioses3
463 2665 496 2711 et
516 2671 584 2711 non
604 2652 639 2711 in
660 2669 816 2725 menum:

94 2736 165 2795 Has
186 2733 256 2792 volo
278 2734 385 2793 volens
406 2753 467 2793 vox
490 2744 603 2795 vacuas
624 2735 730 2796 feriat.

94 2816 188 2897 Quid
211 2817 388 2876 veremini?
409 2820 491 2877 ictus
513 2836 555 2876 en
574 2818 686 2878 rninus
707 2830 782 2876 sunt
802 2816 905 2888 noxii,

95 2901 164 2978 Qui
185 2911 334 2976 repetunt
355 2900 440 2970 lexa,
461 2912 515 2960 aut
534 2899 643 2959 hiulce
663 2899 859 2959 obstruunt?

96 2984 187 3045 Estis
213 2980 360 3060 benigni:
385 2985 500 3041 merito
524 3002 577 3040 vos
599 2994 708 3042 ament
730 2982 869 3042 coelites.

95 3068 237 3127 Factum
258 3078 305 3122 est
327 3064 502 3134 silentium,
523 3077 631 3124 tacent
652 3064 753 3144 pueri.

94 3149 228 3210 Novem
246 3146 286 3205 ed
306 3167 377 3205 rem
398 3146 463 3220 jam
483 3166 602 3207 novom
623 3160 763 3227 spectate
784 3146 952 3205 nuncium.

96 3228 166 3305 Qui
186 3230 257 3295 sim,
280 3247 338 3288 cur
358 3229 397 3287 ed
417 3249 474 3288 voe
492 3228 629 3296 veniam,
650 3231 760 3309 paucis‘
782 3229 928 3306 eloquer3

97 3310 208 3371 Simul
228 3309 323 3383 hujus
344 3330 463 3370 nomen
484 3311 644 3388 proferam
666 3309 858 3372 comoediae.

97 3395 186 3454 Ecce
206 3392 296 3451 fabor
319 3392 383 3467 jam
403 3394 502 3462 vobis,
523 3392 607 3473 quod
629 3395 796 3474 expetitis:

96 3476 242 3539 Proinde
264 3493 317 3532 vos
338 3476 421 3534 mihi
441 3475 538 3534 facite
559 3476 770 3538 audientiam.

96 3562 244 3622 Naturae
267 3556 345 3616 deus
366 3577 449 3628 sum,
471 3559 592 3618 Bromii
613 3560 694 3618 altor
717 3559 873 3628 maxumi,
1119 3577 1160 3637 25

97 3642 257 3705 Femineo
280 3641 334 3719 qui
355 3641 479 3718 peperit
498 3661 568 3702 rem
589 3641 743 3704 exercitu.
786 3677 790 3683 -

171 3835 259 3884 Versu
277 3848 300 3883 2.
325 3831 434 3901 legitur
458 3835 613 3886 Ridiculus.
644 3831 798 3885 Habentur
816 3841 912 3885 autem
928 3833 999 3886 haec
1016 3837 1113 3904 spuria
1129 3837 1160 3889 in

99 3898 167 3952 edd.
185 3900 262 3950 Junt.
282 3900 391 3968 Gryph.
409 3900 531 3970 Longol.
549 3899 634 3952 Betil.
651 3899 717 3952 eliis
740 3916 776 3950 ue
792 3900 981 3969 sequioribus.
1014 3904 1098 3969 Sunt,
1110 3906 1161 3974 qui

97 3966 255 4020 Francisoo
271 3967 440 4019 Petrarohue
455 3969 603 4030 tribuent3
617 3967 674 4023 red¹
686 3984 715 4022 m
745 3984 771 4030 e,
787 3978 822 4018 ut
838 3968 947 4034 opinor.
981 3970 1024 4022 Re
1045 3978 1108 4022 erte
1124 3972 1173 4022 ab

98 4052 131 4086 se
149 4034 298 4084 Messanae
320 4034 351 4083 in
367 4032 466 4085 Sicilie
487 4032 559 4086 dicit
574 4034 713 4100 Liseeris,
730 4035 937 4104 grammaticus
954 4033 1019 4088 ille·
1051 4034 1160 4104 raeeut,

99 4105 134 4155 in
153 4098 275 4168 epistole
290 4098 327 4151 ad
343 4100 373 4150 P.
391 4100 539 4153 Bembum.
