2725 4659
220 283 269 374 46
561 277 616 347 Μ.
659 278 701 345 A.
745 276 928 347 PLAUTI

217 460 277 522 Lu.
299 458 378 531 Vah,
400 455 543 520 delenire
559 457 702 537 adparas!
726 456 808 531 Scio,
823 457 907 519 mihi
923 457 1081 520 vicarium
1094 478 1172 529 esse,
1214 474 1277 537 415

216 543 332 624 Neque
346 563 412 620 esse
427 561 552 600 servom
565 541 601 600 in
618 539 758 615 aedibus,
766 544 821 620 qui
829 542 929 619 pluris
943 544 994 611 sit,
1003 542 1139 622 quamde
1145 541 1204 601 ille
1218 557 1274 605 est.

218 624 280 687 Sed
300 629 388 696 vina,
411 643 491 703 quae
514 623 585 683 heri
605 621 735 683 vendidi
756 626 876 684 vinario
898 624 1109 693 Exaerambo,

217 707 289 769 Iam
302 725 360 788 pro
374 707 423 766 his
441 706 592 766 satisfecit
607 702 741 764 Sticho?
789 708 839 766 L1.
862 705 983 766 Fecisse
1005 708 1078 766 satis
1100 707 1230 785 opinor:
1269 711 1273 746 ²

216 791 302 851 Nam
315 791 379 849 vidi
393 789 480 848 hunc
491 789 597 867 ipsum
607 785 765 847 abducere
782 792 1011 868 ettrapezitam
1021 788 1272 851 Exaerambum.

216 873 276 933 La.
292 873 344 933 Sic
356 872 484 933 dedero.
495 870 587 930 Prius
601 889 681 946 qnae
697 869 826 943 credidi,
835 870 888 928 vix
897 889 981 930 anno
989 885 1059 951 post
1069 874 1182 954 exegi;
1212 881 1272 948 420

217 958 312 1017 Nunc
327 958 456 1034 satagit:
473 952 603 1012 abducit
611 951 743 1012 domum
760 954 859 1012 etiam
873 952 960 1011 ultro
972 966 1008 1012 et
1024 954 1134 1014 scribit
1143 974 1269 1017 numos.

216 1037 341 1099 Dromo
361 1036 545 1097 mercedem
566 1035 701 1094 retulit?
743 1035 794 1095 L1.
814 1033 962 1093 Dimidio
977 1040 1094 1105 minus,
1118 1037 1242 1114 opinor.

215 1122 274 1181 Lu.
297 1120 383 1200 Quid
402 1118 587 1197 rellqiiom?
628 1116 680 1202 Lu
711 1117 806 1178 Aibat
828 1116 959 1176 reddere
983 1136 1080 1194 quom
1107 1120 1269 1201 extemplo

181 1269 183 1274 ⁴
242 1255 246 1262 .
727 1199 891 1260 redditum
913 1212 1011 1261 esset:

213 1288 299 1347 Nam
320 1288 463 1355 retineri,
484 1297 533 1354 ut,
556 1280 640 1358 quod
661 1284 700 1342 sit
720 1284 781 1343 sibi
797 1283 900 1358 operis
922 1283 1076 1355 locatum,
1092 1283 1249 1346 erficeret.

214 1369 271 1431 La.
294 1367 446 1448 Scyphos,
463 1384 541 1444 qnos
555 1363 692 1423 utendos
706 1365 780 1424 dedi
787 1364 990 1439 Philodamo,
1000 1367 1176 1426 retulitne?
1207 1384 1268 1444 425

213 1451 266 1513 L1.
289 1449 364 1509 Non
379 1450 489 1509 etiarn.
532 1446 818 1520 Ln.Hen1,non?
840 1444 873 1504 Si
887 1448 988 1520 velis,
1009 1447 1065 1519 da,
1089 1450 1267 1520 commoda,

725 1530 851 1590 homini
871 1530 989 1590 amico!

213 1613 305 1678 Man.
337 1612 424 1673 Perii
443 1610 571 1681 hercle,
599 1612 665 1688 iam
697 1610 751 1671 hic
777 1633 830 1674 me
852 1612 996 1692 abegerit
1017 1613 1185 1676 suoodio!

833 1694 883 1755 Lr.
905 1696 996 1755 Heus
1018 1697 1100 1771 jam!
1135 1698 1207 1755 satis
1227 1710 1266 1757 tu

212 1779 348 1852 Audin',
370 1796 449 1859 quae
462 1776 628 1857 loquitur?
659 1776 717 1837 Lu.
738 1777 842 1838 Audio
862 1789 893 1837 et
909 1780 1044 1858 quiesco.
1075 1779 1167 1840 Man.
1180 1778 1266 1839 Tan·

234 1930 237 1933 Α
301 1904 304 1913 .
725 1860 800 1920 dem
821 1862 945 1939 opinor,

212 1942 391 2004 Conticuit:
417 1962 505 2003 nunc
528 1943 640 2004 adeam
666 1956 837 2023 optumum
861 1944 1129 2025 est,‘priusquam
1152 1945 1267 2024 incipit

723 2039 854 2086 tmmre.

211 2108 318 2186 Quam
338 2127 417 2168 mox
437 2109 489 2169 mi
506 2126 635 2185 operam
655 2107 732 2168 das?
755 2111 812 2169 La.
834 2106 921 2167 Hom
942 2122 1084 2186 optume,
1106 2108 1263 2190 'quamdu-

160 2185 165 2192 ‘
722 2189 802 2250 dum
823 2203 859 2249 tu
880 2190 1059 2252 advenisti?
1203 2212 1264 2270 43⁰

209 2273 285 2334 Non
306 2273 415 2334 hercle
437 2287 469 2333 te
489 2273 698 2354 provideram.
722 2272 857 2349 Quaeso,
878 2291 920 2330 ne
942 2276 1019 2335 vitio
1040 2288 1160 2334 vortas:

209 2356 259 2416 Ita
272 2357 436 2417 iracundia
451 2358 572 2417 obstitit
587 2356 698 2418 oculis.
728 2352 819 2416 Mna.
842 2355 917 2414 Non
930 2357 1051 2416 mirum
1064 2357 1189 2417 factum·
1204 2372 1261 2419 est.

209 2438 281 2511 Sed,
302 2440 327 2499 si
350 2439 439 2499 domi
461 2453 518 2510 est,
540 2438 781 2500 Demaenetum
803 2436 959 2499 volebam.
991 2441 1048 2502 La.
1075 2440 1181 2521 Negat
1195 2460 1263 2502 esse

718 2535 825 2588 mtus;

207 2604 327 2661 Verum
346 2606 429 2662 istuc
456 2615 628 2682 argentum
648 2615 760 2663 tamen
778 2602 861 2662 mihi
884 2603 911 2663 si
929 2605 976 2664 vis
999 2604 1227 2666 denumerare:
1257 2625 1260 2632 ⁴

207 2685 455 2763 Repromittam,
470 2686 547 2744 istoc
563 2688 696 2745 nomine
713 2686 852 2746 solutam
874 2704 945 2745 rem
965 2687 1117 2747 futuram.
1198 2706 1262 2768 435

207 2767 299 2827 Man.
321 2766 372 2826 Sic
393 2769 511 2847 potius,
532 2780 569 2826 ut
590 2766 786 2827 Demaeneto
807 2767 868 2826 tibi
888 2783 1052 2845 praesente
1072 2771 1212 2832 reddam.

206 2851 256 2911 L1.
280 2849 384 2909 Herus
404 2851 510 2909 istunc
544 2850 652 2923 novit,
680 2864 775 2929 atque
802 2848 1002 2913 herumhio.
1056 2850 1145 2916 Mna.
1173 2854 1260 2915 Hero

209 2975 213 2979 »
467 3000 471 3008 ‚
718 2933 796 2993 huic
810 2946 977 3009 praesente
997 2934 1144 2999 reddam.

205 3012 257 3074 Lr.
279 3012 330 3072 Da
350 3014 444 3072 modo
464 3034 537 3074 meo
556 3014 720 3094 periculo:
742 3035 814 3074 rem
829 3014 948 3074 salvam
966 3036 1025 3097 ego
1044 3019 1225 3080 exhibebo:

204 3098 236 3157 N
239 3114 290 3153 am
314 3097 341 3153 si
361 3098 437 3156 sciat
458 3108 564 3156 noster
586 3116 701 3169 senex,
722 3097 818 3156 fidem
834 3116 905 3156 uon
920 3119 985 3170 esse
998 3098 1079 3159 ‘huic
1096 3101 1259 3163 habitam:

204 3173 402 3252 suscenseat,
420 3179 496 3257 quoi
512 3181 659 3240 omnium
676 3198 788 3241 rerum
800 3181 887 3258 ipsus
901 3199 1026 3259 semper
1044 3183 1156 3247 credit.
1198 3204 1260 3261 440

202 3258 262 3321 Lu.
291 3264 367 3322 Non
378 3262 616 3342 magnipendo,
631 3281 675 3321 ne
692 3263 778 3322 duit!
802 3265 828 3322 si
845 3281 912 3322 non
927 3263 1006 3335 volt,
1014 3268 1059 3323 sic
1069 3267 1137 3326 sine
1146 3265 1258 3331 adstet.

201 3343 253 3405 L1.
275 3343 337 3415 Da,
359 3344 507 3426 inquam!
530 3343 611 3418 Vah,
629 3344 767 3405 formido
787 3347 896 3417 miser,
916 3366 957 3407 ne
977 3346 1032 3407 hio
1051 3367 1105 3409 me
1125 3348 1188 3410 tibi
1207 3370 1258 3413 ar-

309 3435 333 3466 *
715 3427 856 3490 bittetur

266 3619 324 3686 416.
342 3624 392 3676 V.:
417 3622 455 3673 N.
475 3640 505 3673 eo
524 3640 582 3673 esse
605 3623 634 3674 in
652 3624 712 3674 aad.
731 3613 804 3685 b'eri,
823 3623 870 3689 qui
887 3624 924 3673 sit
938 3626 1025 3692 pluris
1040 3627 1121 3694 anam
1142 3628 1191 3679 ille
1210 3630 1259 3681 rit.

199 3685 281 3738 MSS.
299 3689 398 3741 Barth.
422 3698 452 3741 et
468 3691 592 3756 Monac,
610 3691 681 3742 item
698 3688 761 3741 edd.
779 3697 865 3754 vett,
882 3691 1016 3743 voculam
1035 3711 1064 3744 eo
1081 3711 1142 3745 non
1157 3711 1268 3764 agnos*

199 3762 277 3805 cunt.
311 3772 368 3821 4¹9·
386 3758 433 3806 V.:
453 3756 490 3807 N.
509 3775 535 3806 o.
549 3757 601 3820 buc
619 3759 636 3807 i.
658 3758 792 3807 adducere
811 3770 879 3822 trop.
896 3759 944 3807 Er.
964 3758 1063 3809 Guelf.
1081 3769 1111 3810 et
1126 3762 1258 3814 Monac:

199 3819 286 3884 bunc,
305 3821 452 3887 Stichum,
475 3831 508 3874 ut
524 3821 584 3890 legi
605 3824 689 3887 jussit
705 3822 784 3874 Acid.
801 3824 863 3873 Vet.
881 3823 1040 3875 Cameren:
1059 3828 1123 3876 add.
1144 3843 1170 3879 et
1187 3843 1259 3895 trop.

198 3888 292 3951 ipsum
315 3890 443 3955 pertinet
463 3888 499 3939 ad
522 3891 619 3939 Emer.
645 3890 690 3947 cf.
707 3905 765 3954 421.
816 3888 874 3954 426.
904 3894 980 3941 non?
1007 3892 1114 3959 Scripti
1138 3911 1155 3946 a
1176 3893 1261 3946 nobis

197 3950 295 4003 collati
318 3961 347 4003 at
369 3953 431 4004 edd.
449 3954 603 4007 nonnullae
620 3964 705 4006 veta:
731 3974 812 4007 nunc.
836 3957 998 4026 Utrumque
1020 3957 1138 4009 fortasse
1156 3977 1261 4014 rerum

197 4026 241 4068 est
259 4017 490 4088 legendumque:
514 4021 602 4088 Hem,
632 4024 712 4074 non?
741 4022 839 4086 Nunc,
864 4024 889 4072 si
906 4034 959 4076 etc.
1009 4041 1067 4090 427³
1086 4034 1109 4086 3,
1130 4028 1261 4078 Heus-

197 4084 316 4151 quiesco.
350 4087 426 4137 Haec
445 4087 519 4138 servi
535 4088 653 4141 interae
670 4089 809 4142 submissa
825 4104 902 4142 voce.
953 4105 1010 4159 43⁰·
1028 4090 1077 4143 V.:
1095 4091 1190 4147 Elium.
