2725 4659
267 274 343 364 ψ,
398 209 400 214 ’
606 260 660 334 Μ.
689 262 751 332 a
795 255 978 332 assurt

266 449 342 517 Jam
360 446 464 509 aderit
473 455 617 523 tompus,
639 457 739 521 quom
756 459 823 501 sete
840 439 938 501 esiam
951 435 1020 519 ipae
1035 437 1144 504 derit
1181 435 1281 500 Morsu

262 559 267 568 ·
801 542 879 583 eras.
1066 553 1069 562 =
1146 551 1149 558 ·

266 617 359 680 Dum
376 621 546 682 caveatur,
565 616 691 684 praeter
705 544 842 683 aequgom
854 624 897 665 ne
911 605 989 682 quid
1002 603 1177 686 delinquat:
1194 607 1258 667 sine

267 701 334 762 Lu·
347 696 424 758 Non
437 693 525 763 uno,
554 706 659 769 neque
679 687 830 763 equidem
853 687 960 747 illunc
981 707 1037 749 me
1054 691 1126 749 vivo
1145 685 1279 767 consumpi

778 788 891 831 unam.

261 862 331 923 Sed
345 873 399 931 ιιι,
420 857 554 938 quitum
567 873 624 933 pro
643 865 801 930 oonnrpto
816 851 894 913 dicis
909 869 1038 913 causam
1053 851 1135 923 filio,
1238 861 1279 928 385

264 944 430 1007 Eadamno
445 951 513 1000 arat
526 936 609 997 haec
618 934 785 1015 disciplina
791 932 865 1005 tibi,
881 947 1021 1013 quomtu
1030 935 1207 997 adulescens
1216 934 1278 997 eru?

266 1031 376 1111 Nego,
395 1024 456 1084 tibi
468 1021 532 1081 hoc
547 1018 640 1079 anuis
653 1019 772 1099 viginti
781 1016 881 1076 fuisse
896 1017 1007 1096 primis
1024 1022 1142 1097 copiae,

265 1110 417 1191 Digitum
435 1105 532 1185 longe
552 1115 571 1159 t
587 1098 770 1181 paedagogo
783 1099 899 1178 pedem
914 1111 950 1159 ut
967 1099 1101 1168 ecferres
1118 1102 1238 1162 aedibus.

264 1193 304 1253 Id
312 1187 589 1272 quomobtigerett
602 1182 769 1241 bocetiam
778 1180 948 1242 admalum
954 1183 1276 1246 arcessebaturmalun:

263 1275 307 1339 Et
323 1269 496 1349 discipulus
513 1279 545 1327 et
559 1266 712 1345 magister
730 1262 982 1343 perhibebantur
998 1265 1135 1344 inprobi«
1238 1282 1277 1343 590

264 1360 348 1417 Ante
364 1354 465 1415 solem
478 1350 677 1409 exorientem
692 1345 729 1405 ui
741 1348 777 1405 in
793 1345 981 1424 palaestram
996 1365 1145 1410 veneras:

263 1438 423 1519 Gymnasl
437 1432 597 1513 praefecto
613 1446 730 1508 poenas
743 1425 832 1487 haud
845 1428 1016 1488 mediocris
1028 1429 1189 1508 penderes.

262 1520 316 1581 Ibi
331 1537 442 1586 cursu,
462 1510 632 1583 luctando,
652 1509 760 1578 hasta,
781 1510 888 1575 disco.
913 1512 1078 1593 pugilatu,
1101 1516 1174 1593 pila,

265 1602 429 1670 saliendo,
451 1615 518 1656 sese
530 1594 721 1654 exercebant
735 1609 846 1673 mage,
868 1610 964 1673 quam
980 1607 1083 1654 scorto
1096 1610 1151 1658 aut
1165 1598 1253 1665 satim

264 1684 317 1744 Jbi
331 1703 422 1747 suam
438 1689 577 1739 aetatem
594 1673 822 1747 extendebant,
835 1694 902 1735 non
917 1677 955 1735 in
968 1672 1135 1738 latebrosis
1146 1679 1221 1739 locis.
1237 1688 1277 1755 595

264 1767 346 1827 Inde
361 1765 400 1826 de
413 1760 621 1843 hippodromo
638 1769 671 1815 et
684 1756 837 1834 palaestra
852 1759 907 1817 ubi
921 1758 1094 1819 revenisses
1107 1760 1241 1821 domums

264 1847 445 1910 cincticulo
463 1842 660 1922 praecinctus
678 1843 713 1898 in
738 1839 815 1899 sella
829 1839 914 1918 apud
931 1841 1123 1919 magistrum
1142 1844 1277 1908 adsident

264 1933 373 2011 Quom
385 1929 505 1989 librum
519 1927 658 2002 legeres,
679 1922 728 1979 sid
742 1940 841 1983 unam
855 1924 1051 2001 peccavisses·
1062 1923 1225 2004 syllabam:

263 2016 369 2076 Fieret
384 2012 506 2071 corium
525 2021 594 2066 tam
607 2004 825 2077 maculosum,
846 2023 943 2085 quam
959 2017 1007 2064 est
1020 2008 1155 2067 nutricis
1168 2008 1278 2088 pellium

263 2096 357 2158 Mun.
385 2097 519 2171 Propter
538 2107 592 2150 me
610 2085 690 2149 haec
715 2098 896 2182 nunc-meo
915 2085 1015 2148 sodali
1031 2088 1116 2162 dici,
1144 2088 1279 2153 discrucior

774 2189 888 2229 muer:

262 2264 420 2325 Innocens
437 2256 650 2335 suspicionem
663 2249 748 2312 hanc
765 2251 900 2313 sustinet
914 2270 1009 2314 causa
1025 2272 1110 2315 mea.
1236 2185 1277 2248 Μ
1313 2245 1314 2262 ²

261 2348 335 2410 Pur.
356 2344 437 2415 Alii,
458 2338 567 2420 Lyde,
596 2353 684 2396 nunc
699 2345 773 2395 sunt
793 2353 907 2395 mores.
949 2336 1007 2399 Lr.
1028 2336 1067 2396 Id
1082 2336 1224 2421 equidem
1238 2348 1277 2412 ego

263 2437 268 2442 ·
518 2424 521 2430 ’
772 2427 859 2476 certo
873 2419 953 2482 scint
1069 2483 1071 2488 ,

260 2513 345 2575 Nam
363 2508 443 2570 olim
455 2501 568 2585 populi
581 2500 669 2582 prius
683 2497 841 2560 honorem
854 2500 996 2580 capiebat
1011 2500 1173 2588 suffragio,

261 2594 369 2672 Quam
381 2590 534 2667 magistro
546 2582 712 2644 desinebat
726 2601 793 2642 esse
808 2582 892 2641 dicto
907 2582 1079 2663 obediens3

259 2680 304 2738 At
310 2674 586 2750 nuncpriusquam
593 2667 777 2743 septuennis
786 2675 844 2735 est,
857 2665 883 2725 si
891 2666 1113 2746 attingas‘eum
1119 2685 1224 2729 manu:
1237 2673 1279 2740 4⁰5

260 2754 458 2833 Extempulo
471 2768 551 2830 puer
566 2748 749 2828 paedagogo
764 2747 874 2807 tabula
887 2746 1055 2827 disrumpit
1068 2764 1172 2831 caput.
1189 2750 1237 2810 it

259 2844 389 2905 Patrem
405 2853 501 2914 quom
509 2831 599 2890 adeas
609 2829 822 2910 postulatum:
838 2848 936 2907 puero
952 2830 995 2889 sic
1010 2832 1199 2910 dicitpatert
1212 2837 1278 2891 tte.
1312 2869 1313 2906 3

259 2923 401 2999 „Noster
414 2930 498 2984 esto,
520 2915 599 2975 dum
614 2925 647 2973 te
660 2914 779 2991 poteris
795 2911 960 2977 defensare
974 2914 1091 2990 injuria
1100 2916 1131 2972 !“

258 3008 454 3069 Provocatur
468 2996 684 3078 paedagogus:
708 2993 820 3067 ,‚Eho‚
842 3011 940 3053 senex
957 2996 1099 3056 minumi
1115 2997 1204 3076 preti,

255 3087 307 3149 Ne
314 3086 448 3163 attingas
457 3098 591 3157 puerum
599 3080 677 3139 istac
684 3095 791 3136 causa:
801 3075 925 3153 quando
931 3076 1007 3137 fecit
1014 3078 1175 3139 strenue.“
1184 3079 1230 3138 it.
1239 3087 1280 3150 41⁰

255 3169 304 3230 Ut
317 3167 490 3249 magister,
512 3166 600 3242 quasi
613 3162 753 3232 laterna,
772 3170 870 3218 uncto
886 3158 1048 3239 expletust
1060 3160 1178 3221 linteo:
1190 3170 1266 3220 ten

213 3406 215 3410 ,
255 3273 640 3414 antisteterunt
655 3269 1280 3407 attitulataterminu

256 3429 312 3475 tur,
345 3411 466 3481 Legitur
493 3418 590 3462 nutem
605 3405 709 3474 vulpot
732 3405 768 3454 Id
789 3408 854 3471 quoi
871 3403 922 3455 obt.
950 3406 1070 3462 Decurt,
1087 3403 1123 3454 Id
1140 3419 1189 3472 quo
1208 3397 1279 3471 (quo)

257 3486 309 3537 sit.
336 3481 411 3532 Vett.
429 3476 508 3532 edd:
527 3477 616 3541 idque
632 3473 685 3522 obt.
719 3485 775 3537 39¹·
791 3472 822 3521 V.
840 3470 918 3523 duris
935 3472 1076 3528 numerica
1093 3471 1123 3536 A.
1142 3488 1165 3520 s.
1182 3469 1279 3519 extrict-

255 3555 310 3604 ttm
324 3547 380 3599 nisi
404 3548 434 3596 t'n
449 3563 474 3612 p.
499 3561 525 3593 o.
558 3541 621 3591 lam
638 3538 723 3589 solem
739 3554 796 3588 non
813 3544 856 3587 est
870 3536 1047 3590 elidendum.
1094 3533 1155 3600 406.
1176 3536 1221 3586 ll:
1240 3534 1279 3583 lin·

255 3618 362 3685 templo.
396 3610 631 3666 Contrahendum
646 3607 677 3657 in
688 3622 775 3658 unam
786 3604 927 3673 syllabam
941 3627 1008 3678 puer
1018 3626 1070 3678 per
1085 3602 1224 3676 συναλοιφή,
1237 3603 1280 3656 sio

255 3690 438 3760 synaeresin:
456 3705 523 3740 nam
539 3702 588 3754 por
601 3681 781 3735 inusitatum.
829 3696 887 3745 4²¹·
905 3682 955 3739 Ὦ
973 3683 1001 3736 It
1015 3702 1087 3751 mag.
1124 3722 1131 3734 ,
1150 3684 1278 3754 tutemet·

258 3758 415 3826 captaturi.
444 3755 578 3806 Hecura:
601 3752 636 3799 Et
652 3765 723 3813 mog.
766 3782 773 3795 .
799 3746 816 3797 t
840 3764 866 3798 u.
891 3762 1015 3814 copertus
1033 3751 1050 3800 l.
1125 3749 1151 3800 d.
1174 3744 1278 3801 nematt

256 3825 386 3890 expletus.
419 3822 508 3873 Recte
525 3817 677 3933 Salmalsiiut
693 3821 723 3865 et
739 3764 844 3930 gran:
864 3813 978 3892 laternas.
994 3815 1136 3869 Laternae
1151 3814 1232 3868 linteo
1244 3803 1279 3856 ὠ·

254 3888 840 4030 ἐεὲῑῖςηῑῐὲεῖεῃῑᾳᾞηῆεῑ;ῑιη;ξ;
855 3876 1279 4022 attentarint-lt
1311 3959 1312 4002 t

254 4021 410 4075 raedarum
425 4028 518 4087 gratu
577 4015 728 4091 ειᾶιςοςιιεἶ
763 4012 814 4078 Ut,
837 4023 997 4084 postquam.
1030 4013 1206 4068 commutari
1222 4012 1280 4064 W

254 4105 285 4142 ss
300 4087 393 4140 solent
408 4087 463 4139 has
479 4100 531 4138 voc
611 4084 643 4135 in
659 4079 749 4133 liban.
762 4076 828 4131 Αἰ.
843 4086 904 4138 not.
922 4077 958 4132 ad
973 4081 1053 4134 Acus.
1071 4081 1126 4148 ¹⁶5·
