2725 4659
382 339 388 348 ,
457 271 642 353 CASINA.
724 289 748 384 j
1005 290 1087 364 ψ,
1135 250 1137 253 ’

17 449 113 518 Illu'o
127 448 295 522 ests-illuc,
315 448 399 531 quod
420 448 477 509 bic
496 447 584 520 hunc
605 446 687 508 facit
704 448 863 528 villicum
876 462 931 514 -et
976 473 984 483 ’

17 531 112 593 Idem
132 553 185 594 me
206 533 344 612 pridem,
367 551 464 610 quom
485 534 515 592 ei
534 531 703 591 advorsum
723 549 880 609 veneram,

17 613 138 676 Facere
159 618 333 682 atriensem
355 614 502 674 voluerat
522 613 706 689 subjanua.
751 667 753 674 s
1013 629 1088 700 353¹

18 697 78 762 ΟΒ.
102 699 150 760 Ut
168 700 231 760 tibi
248 700 429 780 morigerus
450 696 556 767 hodie,
577 707 614 760 ut
634 696 793 777 voluptati
814 697 878 758 fui!
1014 757 1016 766 J
1089 757 1091 764 ,

17 777 72 844 Sr.
96 780 143 841 Ut
164 781 237 852 tibi,
258 780 336 840 dum
360 782 475 850 vivam,
496 780 578 842 bene
601 778 698 841 velim
718 779 789 860 plus
811 798 908 858 quam
928 781 1027 846 mibi!

17 861 63 922 Ut
87 882 148 945 ego
170 863 264 926 hodie
286 863 437 924 Casinam
457 859 679 924 deosculabor!
701 877 737 922 ut
757 861 841 923 mihi

17 944 108 1010 ana
129 947 237 1010 multa
258 944 374 1005 faciam
395 945 478 1007 clam
498 963 606 1006 meam
627 947 784 1006 uxorem!
810 945 868 1008 Cn.
889 948 1009 1022 Attalo,
1088 991 1092 998 ·

17 1026 120 1092 Nunc
142 1028 198 1107 pol
220 1046 280 1107 ego
302 1027 436 1090 demum
456 1029 493 1087 in
513 1040 635 1087 rectam
654 1026 735 1087 redii
756 1030 928 1097 semitamzv
1018 1033 1079 1110 560

17 1107 84 1174 Hic
107 1107 196 1189 ipsus
218 1110 365 1172 Casinam
387 1110 526 1189 deperit!
548 1107 653 1168 habeo
674 1112 770 1170 viros!

17 1191 76 1256 Sa.
98 1193 172 1266 lam
192 1191 301 1252 hercle
321 1190 508 1271 amplexari,
523 1191 596 1264 -jam
618 1193 756 1251 osculari
777 1195 896 1272 gestio!

17 1272 80 1336 On.
106 1274 181 1335 Sine
202 1278 290 1354 prius
311 1272 446 1337 deduci!
469 1274 570 1354 Quid,
584 1273 898 1355 malum‚properas?
920 1277 1078 1342 Sndmo.

19 1357 71 1416 Ol.
95 1362 140 1416 At
161 1375 226 1416 non
248 1360 361 1434 opinor
382 1354 453 1415 fieri
473 1357 536 1420 hoc
557 1375 647 1435 posse
660 1355 774 1415 bodie.
801 1355 856 1418 Sa.
877 1362 997 1435 Potest,

19 1438 52 1499 Si
74 1438 208 1519 quidem
231 1457 299 1498 cras
319 1457 427 1500 censes
449 1457 538 1517 possa
560 1451 593 1497 to
613 1439 704 1499 mitti
724 1432 834 1503 manu.
1018 1443 1081 1523 565

19 1521 79 1583 Ca.
100 1521 277 1582 Enimvero
298 1521 362 1581 huc
383 1539 474 1582 aures
493 1538 589 1602 mage
611 1532 687 1580 sunt
706 1520 904 1582 adhibendae
924 1523 1026 1587 mihiz
1058 1582 1060 1584 ,

18 1603 176 1685 demago
198 1623 263 1663 uno
283 1606 320 1666 in
340 1602 422 1664 saltu
446 1602 553 1681 lepide
573 1620 667 1679 apros
685 1609 808 1683 capiam
829 1603 908 1665 duos

19 1685 70 1748 Sc.
93 1686 189 1766 Apud
209 1687 297 1746 hunc
319 1685 459 1746 sodalem
480 1705 590 1746 meum
609 1698 706 1764 atque
727 1688 871 1748 vicinum
891 1688 976 1751 mihi

18 1770 124 1831 Locua
148 1784 195 1829 est
215 1781 361 1849 paratus3
384 1769 415 1827 ei
436 1788 495 1848 ego
516 1786 659 1828 amorem
680 1787 812 1829 omnam
829 1789 942 1833 meum

21 1851 225 1921 Concredui3
247 1853 274 1911 ia
294 1850 377 1911 mihi
398 1868 430 1909 se
451 1847 559 1910 locum
581 1851 662 1910 dixit
685 1851 782 1912 dares
882 1882 891 1887 >·
1018 1872 1080 1938 370

21 1933 79 1993 Oa.
106 1934 194 2012 Quid
216 1936 284 1993 eius
305 1928 409 1991 uxor?
433 1931 491 1990 ubi
512 1934 595 1992 erit?
617 1932 671 1993 So.
694 1931 815 2013 Lepide
835 1935 961 2012 reperi:

21 2015 97 2078 Mea
120 2036 205 2078 uxor
225 2015 291 2078 huc
313 2015 438 2075 vocabit
459 2033 541 2075 aamx
554 2014 594 2073 ad
615 2035 647 2075 aa
668 2014 705 2074 in
725 2018 872 2094 nuptias:

21 2098 66 2160 Ut
85 2099 144 2160 hic
165 2102 205 2159 ait
227 2117 346 2165 secum,
369 2117 401 2157 se
423 2096 565 2168 adiuvet,
588 2115 698 2157 aecum
718 2098 823 2162 cubet.
851 2137 853 2145 =

21 2180 89 2263 Ego
113 2183 193 2241 iussi
214 2195 247 2240 et
268 2180 351 2240 dixit
372 2199 404 2239 aa
425 2180 588 2240 facturam
609 2191 693 2239 uxor
711 2200 803 2249 mea;

21 2260 81 2323 Illa
104 2263 171 2325 huo
191 2261 339 2331 cubabit3
361 2262 417 2323 aad
440 2263 487 2325 vir
506 2260 581 2321 faxo
603 2261 704 2322 aderit
725 2261 829 2333 domi3
1019 2282 1083 2348 375

23 2343 154 2407 Tn'rua
175 2365 312 2410 uxorem
333 2345 448 2422 duces3
478 2344 511 2404 id
534 2363 588 2404 rur
609 2343 669 2403 hoc
691 2344 763 2417 erit,

21 2426 196 2508 Tantisper
214 2427 293 2487 dum
315 2446 375 2510 ego
395 2446 471 2486 cum
494 2425 608 2487 Casina
627 2426 745 2487 faciam
765 2430 901 2506 nuptias·

23 2510 110 2574 Hinc
131 2524 169 2571 tu
190 2524 264 2571 ante
286 2509 394 2569 lucem
414 2528 469 2570 rus
490 2527 557 2570 cras
578 2509 674 2569 duces
695 2522 813 2588 postea.

25 2592 129 2656 Satin'
151 2590 245 2658 notul
267 2592 328 2656 Oa.
350 2591 468 2657 Docte!
498 2592 557 2654 Cn.
578 2591 645 2673 Ago
666 2591 774 2665 modo,
795 2592 1011 2662 fabricamini!
1043 2591 1048 2598 ’

24 2674 115 2737 Malo
136 2674 246 2736 hercle
267 2687 368 2735 vostro
387 2686 453 2734 tam
475 2676 596 2736 vorsuti
616 2668 737 2737 vivitis!
1019 2692 1081 2758 530

25 2758 78 2823 Sr.
102 2756 201 2832 Scin',
222 2758 299 2838 quid
320 2775 406 2822 nunc
418 2758 540 2819 iacias?
560 2756 621 2842 On.
642 2757 796 2834 Loquere.
819 2754 873 2826 Sa.
895 2758 984 2825 Tene
996 2782 1081 2828 mar.

545 2862 581 2904 au
604 2859 691 2902 1um:

25 2924 86 2985 Abi
108 2935 207 3002 atque
228 2919 364 2986 absona!
386 2920 539 3004 propera!
563 2862 623 2984 de
645 2922 751 3004 lepide
771 2924 862 2986 volo:
891 2966 894 2975 -

27 3005 215 3067 Molliculaa
236 3023 328 3072 eacan,
351 3006 420 3085 ipsa
441 3020 478 3066 ut
498 3005 665 3066 mollicula
688 3019 746 3070 est.
776 3007 836 3072 On·
856 3007 957 3076 Licet.

27 3087 77 3149 So.
100 3087 212 3151 Emito
233 3087 374 3167 sepiolas,
397 3088 535 3166 lapadas,
556 3088 795 3172 lolligunculas,

26 3170 195 3243 Hordejas.
225 3170 284 3235 Ca.
307 3169 378 3244 Imo
398 3171 563 3246 triticeus,
586 3172 613 3231 si
634 3175 721 3252 sapie
1021 3188 1082 3257 335

29 3252 84 3320 Sa.
107 3252 228 3315 Soleae.
259 3252 318 3316 cn.
342 3253 419 3331 Qui,
441 3272 567 3331 quaeso,
587 3249 703 3334 potius,
726 3273 824 3333 quam
845 3258 1042 3341 sculponeas,

27 3336 155 3414 Quibus
176 3334 326 3410 batuatnr
345 3336 406 3397 tibi
428 3354 473 3407 os,
494 3354 592 3396 tenax
612 3338 839 3417 naquiasunie?
876 3389 879 3394 ,

30 3418 92 3482 On.
116 3416 474 3500 Vin'lingulacas281.
499 3420 585 3498 Quid
594 3422 906 3501 opua‚quandouxot
918 3422 1082 3491 domiest?

28 3498 75 3560 Ea
94 3498 260 3581 lingulaca
279 3514 326 3560 est
347 3501 455 3562 nahita
476 3518 553 3562 nam
572 3520 740 3581 nunquam
759 3518 852 3570 tacet.

29 3581 91 3647 Or..
112 3582 155 3642 In
174 3596 210 3642 re
229 3585 385 3663 praesenti
406 3584 558 3665 axvcopia
578 3584 712 3665 piscaria
983 3591 987 3598 “
1022 3609 1083 3670 59⁰

95 3719 159 3778 575*
174 3705 223 3784 V2=
244 3709 268 3760 I·
286 3707 332 3759 hio
351 3724 390 3765 en
408 3709 451 3760 vir
465 3708 629 3777 oborbsoxo
642 3712 729 3768 domo.
746 3711 865 3783 Scriptie
881 3715 906 3766 1.
919 3714 966 3765 hic
982 3719 1100 3789 (nostri

29 3773 102 3840 buc)
123 3794 163 3841 n,
183 3791 208 3824 aa
225 3775 267 3823 vir
283 3774 329 3831 ab.
347 3774 406 3846 (vel
423 3776 531 3840 obierit)
542 3777 572 3843 f.
590 3778 617 3832 d.
641 3777 766 3894 &euulsa
777 3782 854 3846 soris
870 3783 998 3845 domuml
1026 3798 1084 3855 379,

29 3842 78 3895 V.t
93 3853 194 3894 astute.
226 3849 285 3907 502.
303 3840 614 3911 Sioplurimivett.v.t
630 3863 645 3896 o
664 3847 752 3898 sonia.
821 3845 968 3899 .Sicitean
979 3865 1086 3919 magna

28 3920 96 4027 fata
111 3905 260 3984 codicum,
284 3917 314 3959 et
334 3916 429 3974 tacte,
447 3909 585 3977 siquidem
602 3854 981 3979 lolligtmeufflderivatum
1002 3927 1045 3969 eat
1068 3936 1085 3974 a

41 3974 69 4025 ol
111 3988 145 4039 o,
168 3980 244 4024 sicut
258 3971 424 4026 ratiuncula
441 3975 549 4030 aratio
565 3984 621 4030 elo.
636 3979 687 4034 να
711 3978 930 4044 lolligiu‘nculns.
963 3990 1020 4049 585.
1037 3984 1085 4037 Sic
1156 3987 1159 3992 ’

30 4037 193 4096 Helmatad·
208 4048 239 4090 at
254 4040 363 4107 priscae
379 4040 443 4094 aad
460 4043 507 4094 V.:
526 4043 657 4096 triticeos.
675 4043 748 4095 Sono
765 4060 863 4097 torvus
877 4048 1010 4105 imitatur
1021 4067 1084 4107 aar.

29 4104 114 4177 bum,
131 4120 191 4182 quo
207 4122 291 4159 senex
308 4121 374 4161 ianua
391 4114 462 4174 arat,
478 4106 624 4182 toloaouni
639 4117 669 4164 et
684 4110 836 4181 rosunum,
853 4114 990 4191 bordcjoa.
