2725 4659
237 291 285 363 24
579 276 634 351 ru.
684 276 728 347 s.
777 273 960 347 resurr
1047 229 1050 235 ‘

235 448 351 529 Neque
372 452 432 513 tibi
452 455 534 514 istuc
554 447 678 522 mirum
701 471 811 597 mageh
818 454 967 532 videtur,
1000 475 1099 537 quam
1118 454 1185 528 mi,
1213 454 1296 517 Am·

606 557 610 564 ’
817 540 945 601 itruo.
1240 553 1299 612 440

238 612 304 675 Au·
334 613 527 691 Quomodo?
572 618 625 688 80.
654 558 786 695 Nihilop,
816 621 962 699 inquam,
984 624 1106 684 mirum
1125 639 1221 702 mage
1242 614 1301 678 tibi

759 704 840 763 istuc
861 723 960 783 quam
980 703 1077 773 mihi,
1275 763 1278 768 .

237 774 366 855 Neth,
382 780 429 838 ita
445 802 501 842 me
516 782 688 856 diemout,
703 784 876 848 credebam
892 790 997 867 primo
1013 785 1164 850 mihimet
1185 782 1300 850 Sosiae,

236 857 350 924 Donec
373 861 461 927 sosia
481 865 538 928 illo
560 883 690 951 egomet
709 866 788 932 fecit
809 868 869 927 sibi
890 872 941 929 uti
961 869 1136 930 crederem.

238 938 362 1003 Ordine
383 963 500 1022 omne,
521 962 559 1012 ut
581 950 739 1033 quidquid
759 960 868 1090 ongum
889 960 954 1019 est,
985 947 1065 1009 dum
1093 948 1175 1031 apud
1199 945 1302 1007 hostis

756 1050 789 1089 se
812 1049 908 1100 rmus,
1224 1099 1227 1104 ,

235 1109 467 1185 Edissertavits
488 1128 561 1181 tum
581 1118 720 1179 formem
741 1129 808 1170 una
827 1109 961 1169 abstulit
979 1129 1055 1172 cum
1070 1114 1219 1181 nomine3
1240 1125 1302 1187 445

236 1191 352 1276 Neque
374 1194 425 1257 leo
445 1197 524 1262 lacti
543 1201 646 1277 magis
667 1207 716 1255 est
737 1191 859 1286 simiis,
887 1208 986 1269 quem
1005 1192 1066 1253 ille
1094 1213 1153 1272 ego
1174 1191 1304 1255 similist

339 1283 353 1306 ‘
756 1291 832 1334 met.

236 1357 327 1419 Nem
347 1370 385 1417 ut
405 1358 529 1420 dudum
555 1371 633 1419 ente
660 1356 772 1418 lucem
798 1371 817 1413 a
836 1364 931 1440 portu
950 1372 1004 1416 me
1023 1356 1218 1438 praemisisti
1247 1359 1303 1423 do·

755 1454 942 1498 mum...

235 1519 302 1580 Ae.
332 1519 421 1597 Quid
439 1521 567 1603 igitur?
598 1519 668 1586 80.
697 1518 791 1580 Prius
819 1519 926 1580 multo
952 1531 1041 1603 ente·
1060 1518 1145 1580 aedis
1166 1517 1306 1596 stabam,

722 1669 725 1675 ,
757 1620 854 1683 quam
875 1601 933 1661 1110
954 1603 1153 1664 adveneram.

235 1683 301 1746 Au.
336 1683 440 1762 Quas,
460 1682 606 1760 malum,
628 1684 752 1767 nugae?
781 1685 933 1744 setin’tu
955 1684 1123 1745 sanuses?
1163 1681 1216 1747 So.
1249 1683 1304 1747 Sic

8 1835 9 1838 Ἴ
753 1783 837 1839 sum,
858 1780 896 1826 ut
915 1766 1013 1830 vides.

8 1859 9 1930 1
228 1847 300 1909 der.
330 1846 416 1909 Huic
444 1847 577 1912 homiui
598 1850 707 1913 neseio
736 1848 813 1930 quid
842 1862 889 1908 est
916 1847 1110 1911 melimela
1137 1847 1303 1924 objectum

8 1939 9 2016 1
754 1950 866 2000 manu,
891 1999 893 2004 ¹
1239 1946 1303 2006 450

8 2027 9 2034 ¹
234 2009 410 2092 Postquam
438 2031 458 2073 a
484 2031 539 2074 me
567 2013 660 2079 abiit,
709 2014 762 2076 80.
803 2015 933 2075 Fateor:
961 2032 1039 2072 nam
1068 2032 1142 2073 sum
1170 2011 1303 2073 obtusus

753 2097 872 2174 pugnis
894 2113 1054 2173 pessume.
1213 2158 1225 2174 ³

237 2172 304 2239 Au.
337 2174 419 2254 Quis
439 2189 473 2239 te
493 2177 699 2241 verberavit?
741 2176 795 2239 So.
816 2176 955 2259 Egomet
975 2189 1115 2247 memet,
1137 2177 1195 2255 qui
1214 2194 1303 2238 nuno

759 2279 832 2321 sum
853 2259 951 2320 domi.
1282 2269 1285 2276 ’

237 2340 303 2402 Au.
332 2340 418 2418 Cave
440 2341 634 2423 quidquam,
666 2343 730 2405 nisi
750 2339 835 2485 Quod
855 2339 975 2424 rogabo
995 2354 1048 2417 te,
1068 2340 1153 2402 mihi
1173 2359 1303 2421 respon·
1353 2341 1354 2344 ’

364 2468 366 2473 ·
778 2443 849 2486 eris.

238 2503 396 2568 Omnium
418 2507 573 2588 primum,
594 2509 657 2571 iste
678 2509 734 2588 qui
754 2508 795 2567 sit
816 2504 919 2577 Sosia,
938 2505 1001 2567 hoc
1021 2507 1084 2568 dici
1104 2506 1188 2567 volo.

238 2585 290 2645 80.
313 2585 400 2649 Tuos
415 2600 463 2650 est
480 2608 594 2655 servos.
636 2593 704 2652 Au.
725 2587 814 2648 Mihi
831 2588 961 2666 quidem
974 2607 1041 2648 uno
1058 2601 1092 2648 te
1112 2587 1185 2668 plus
1203 2590 1303 2650 etiam

755 2682 802 2731 est
820 2688 921 2746 quam
943 2670 1026 2741 volo,
1239 2687 1301 2749 455

238 2748 365 2830 Neque,
386 2764 557 2832 postquam
573 2772 645 2816 sum
661 2765 767 2823 natus,
788 2747 888 2810 habui
900 2752 963 2812 nisi
978 2764 1009 2811 te
1024 2772 1152 2813 servom
1168 2751 1302 2816 Sosiam

239 2830 291 2894 So.
319 2836 361 2893 At
377 2854 436 2914 ego
454 2854 555 2905 nunc,
572 2834 776 2916 Amphitruo,
799 2832 881 2904 dico,
897 2830 1019 2893 Sosiam
1033 2854 1160 2895 servom
1175 2849 1280 2903 tuom,

237 2914 368 2977 Praeter
388 2936 442 2977 me
464 2917 623 2993 alterum,
650 2920 807 2999 inquam,
838 2916 1009 2978 adveniens
1030 2916 1151 2980 faciam
1178 2931 1217 2981 ut
1247 2918 1303 2978 ob·

754 2997 865 3060 fendat
886 2997 998 3069 domi,
1063 3056 1070 3062 .

226 3076 328 3146 ‚Davo
348 3093 544 3163 prognatum
566 3095 653 3163 patre
675 3081 807 3152 eodem,
837 3099 900 3160 quo
921 3100 1091 3161 ogerum,
1112 3079 1229 3156 forma,
1251 3105 1304 3146 ae-

283 3230 285 3233 ,
755 3174 822 3224 tate
843 3164 936 3236 item,

236 3242 310 3322 Qua
336 3263 396 3325 ego
424 3264 513 3318 sum,
549 3245 638 3326 Quid
667 3258 762 3328 opust
792 3244 919 3306 verbis?
956 3245 1105 3326 geminus
1133 3245 1222 3309 Sosia
1250 3248 1304 3310 hic

754 3327 871 3390 factust
891 3328 961 3391 tibi.
1241 3336 1303 3411 460

236 3412 303 3471 Aru.
332 3409 445 3473 Nimia
466 3430 624 3473 memoras
645 3413 739 3473 mira.
762 3408 825 3470 Sed
846 3408 991 3471 vidistin’
1013 3431 1151 3473 uxorem
1166 3415 1303 3476 meam?

238 3490 290 3556 So.
319 3492 410 3573 Quin
429 3495 564 3557 introire
585 3495 621 3559 in
642 3495 728 3555 aedis
748 3511 916 3576 nunquam
935 3493 1066 3554 licitum
1087 3509 1146 3559 est.
1170 3551 1172 3554 ,

620 3602 623 3607 “
854 3578 918 3640 Au.
950 3575 1031 3654 Quis
1051 3588 1085 3636 te
1104 3578 1303 3658 prohibuit?

237 3656 289 3718 so.
319 3656 408 3719 Sosis
421 3659 490 3729 ille,
512 3678 610 3740 quem
625 3658 818 3734 jamdudum
839 3657 923 3735 dico,
944 3659 982 3733 is,
999 3662 1055 3740 qui
1072 3662 1303 3724 sne-contudit.

237 3740 302 3802 Au.
326 3740 405 3820 Quis
427 3742 498 3803 istic
520 3740 608 3802 Sosia
629 3744 700 3804 est?

318 3819 369 3886 80.
402 3828 488 3916 E'go,
508 3827 658 3905 inquam!
692 3825 840 3907 quotiens
861 3821 1038 3885 dicundum
1058 3837 1106 3887 est
1127 3824 1211 3888 tibi?
1240 3827 1264 3890 i.
1277 3840 1301 3888 t.

303 4030 362 4083 440.
387 4018 545 4087 Amphitruo
569 4017 699 4073 additum
723 4034 740 4070 a
768 4018 857 4072 Pareo
886 4015 1132 4085 reintegrandos
1155 4035 1304 4075 numeros.

236 4097 294 4152 443.
321 4099 425 4151 egomet
441 4084 551 4154 syllaba
565 4084 662 4142 medis
683 4094 826 4159 porrecta.
854 4082 960 4137 etse
979 4093 1037 4152 535,
1056 4084 1199 4154 786.Au1.
1218 4097 1262 4151 28.
