2725 4659
233 332 305 405 250
476 309 532 381 u.
558 313 600 379 s.
624 309 808 386 eurum
839 286 1081 382 suerrus

237 490 299 553 Sed
308 490 370 562 dic,
387 490 502 556 orthos
517 502 608 571 pater
617 510 711 553 meus
723 504 807 553 tune
824 491 881 552 es?
897 488 938 572 H.
948 491 1109 573 Egosunu
1127 502 1228 573 gnate
1244 491 1298 551 mi.

237 573 278 639 T.
309 575 341 635 N
345 593 408 636 une
431 574 545 656 edepol
566 573 702 639 demum
720 578 755 638 in
776 575 969 669 memoriam
989 573 1173 658 regredior,
1202 593 1298 653 quom

240 740 340 820 Quasi
360 759 418 819 per
437 739 603 812 nebulam,
618 672 939 824 Hegiongdrgldrddum
958 751 1083 818 patrem
1109 739 1262 801 vocarier.

237 821 280 882 H.
300 822 408 903 Hegio
430 841 512 885 sum.
547 822 621 885 Par.
648 819 853 970 Conpefqllillrus
877 840 992 901 quaeso
1014 833 1052 881 ut
1063 820 1168 881 levior
1189 822 1250 882 tibi
1261 822 1295 881 sit

1276 926 1292 963 0

236 983 344 1068 Atque
364 985 420 1048 hio
435 990 559 1073 gravior
582 1007 698 1054 servos.
735 987 778 1050 Η.
804 925 939 1048 disertum
961 960 1026 1058 est,
1046 924 1293 1068 principium9⁵it

756 1073 959 1151 praevortier.

236 1149 356 1212 Eamus
375 1153 476 1218 intro:
498 1168 536 1217 ut
555 1167 732 1223 arcessatur
743 1153 849 1216 faber:
867 1166 903 1222 ut
914 1153 990 1213 istas
1004 1151 1166 1231 conpedes
1187 1152 1209 1213 i.
1217 1166 1241 1213 t.

237 1231 315 1298 Tibi
331 1235 483 1312 adimam,
494 1237 573 1302 huic
585 1238 671 1302 dem.
699 1234 777 1298 Sus.
801 1237 890 1316 Quoi
905 1233 1013 1318 peculi
1031 1233 1117 1296 nihil
1136 1247 1199 1306 est,
1216 1247 1294 1295 recte
1347 1215 1348 1270 Ῐ

753 1319 877 1383 feceris.
1134 1329 1160 1378 t.
1176 1328 1200 1379 t.
1214 1335 1244 1378 o.

672 1429 881 1445 ·——-—-—=-‘·

442 1517 1000 1600 'osredus

240 1647 448 1725 spectatores,
463 1650 503 1712 ad
516 1649 647 1731 pudicos
664 1670 770 1712 mores
785 1650 961 1712 lactahaec
975 1649 1089 1711 fabula
1103 1662 1167 1710 est:
1188 1663 1213 1713 t.
1223 1662 1278 1713 ιο.

238 1732 356 1810 Neque
376 1734 412 1792 iu
427 1731 489 1795 hac
506 1732 758 1813 subegitationes
779 1749 854 1798 sunt
873 1751 979 1813 neque
997 1733 1064 1794 ulla
1079 1734 1201 1794 amatio
1240 1750 1295 1814 955

160 1887 163 1892 ⁵
238 1815 309 1875 Nec
330 1814 423 1893 pueri
444 1819 618 1896 suppositio
638 1836 745 1898 neque
766 1817 894 1899 argenti
913 1815 1166 1885 circumductio;

238 1894 353 1980 Neque
374 1896 429 1961 ubi
448 1918 560 1963 amans
580 1900 769 1964 adulescens
797 1910 938 1962 scortum
964 1898 1081 1960 liberet
1102 1899 1190 1963 clam
1209 1918 1293 1960 suom

777 1995 890 2044 esrem.

239 2060 439 2135 Huiusmodi
459 2084 576 2149 paucas
598 2065 711 2146 poetae
731 2003 898 2146 repperiunt
918 2062 1109 2135 comoedias,

238 2143 305 2205 Ubi
325 2146 402 2211 boni
423 2148 573 2212 meliores
594 2150 682 2211 fiant.
703 2146 798 2208 Nunc
820 2166 887 2215 uos,
910 2147 937 2206 si
957 2145 1046 2205 vobis
1063 2146 1181 2225 placet,

239 2227 282 2287 Et
296 2229 322 2290 si
331 2229 512 2308 placuimus
527 2250 632 2309 neque
640 2230 713 2312 odio
722 2230 863 2292 fuimus:
880 2229 1006 2309 signum
1014 2227 1218 2289 hocmittite!
1240 2232 1295 2309 960

242 2310 308 2390 Qui
329 2314 504 2394 pudicitiae
526 2334 591 2378 esse
613 2315 702 2380 voltis
723 2314 917 2396 praemium,
938 2311 1085 2393 plausum
1108 2312 1201 2374 date!

304 2469 363 2522 947.
381 2456 432 2522 V.,
449 2453 548 2506 hiante
564 2467 658 2520 versu,
671 2471 727 2506 oro.
751 2453 817 2505 Nou
833 2449 922 2504 semel
938 2450 1040 2506 futura
1055 2458 1234 2520 usurpentur
1249 2467 1296 2521 pro

175 2581 178 2593 ¹
238 2529 447 2595 praesentibus,
465 2528 645 2582 Graecorum
659 2545 757 2594 more,
776 2529 827 2600 qui
845 2521 994 2594 βουλήσομαι
1011 2541 1063 2600 pro
1079 2522 1187 2591 βέλομιι
1203 2537 1233 2578 et
1249 2528 1297 2578 hu-

238 2599 362 2663 jusmodi
385 2603 440 2655 ulia
462 2614 670 2670 nonnunquam
690 2599 791 2652 dicum
814 2600 857 2654 ct.
882 2601 944 2656 Cas.
968 2615 1025 2670 257.
1047 2601 1112 2654 Mil·
1135 2617 1194 2671 592·
1218 2601 1296 2652 Tru.

240 2674 298 2731 889.
315 2674 370 2719 etc.
387 2669 452 2737 Quo
469 2667 597 2738 pertinet
612 2668 700 2721 etiarn
715 2666 850 2740 frequent
865 2667 942 2723 illud
961 2666 1038 2745 apud
1049 2669 1181 2724 Comicus
1199 2667 1298 2722 amabo·

240 2740 298 2799 948.
315 2731 453 2806 Plerique
465 2748 563 2785 omues
576 2731 645 2786 libri
656 2735 714 2788 sie:

364 2800 447 2854 Nunc
461 2801 567 2853 demum
581 2801 610 2849 in
626 2802 783 2852 memoriam
797 2802 887 2865 redeo,
908 2820 968 2860 cum
980 2823 1083 2858 meeum
1096 2803 1196 2870 cogito,

364 2866 447 3000 {uno
461 2866 557 2932 edepol
572 2866 601 2916 in
617 2871 774 2921 memoriam
789 2868 937 2939 regredior,
957 2873 1067 2925 audisse
1086 2888 1136 2924 me.

396 2935 458 2984 uati
474 2941 529 2984 etc.

240 2998 389 3070 inquibus
406 2999 536 3053 turbasse
554 2998 742 3077 glossatores‚
760 2969 854 3180 nedqu
866 3011 909 3053 est
927 3003 998 3072 quin
1011 3003 1116 3056 videat.
1140 3003 1237 3071 Atque
1249 3001 1299 3078 ista

241 3066 325 3118 Nune
338 3066 444 3120 demum
463 3074 517 3119 etc.
532 3081 568 3118 ne
581 3075 669 3130 Juetos
681 3066 800 3136 quidem
851 3068 921 3121 bens
932 3086 1076 3123 numeros.
1094 3067 1301 3139 Nempeverbu

241 3134 271 3181 in
289 3150 371 3206 mem..
384 3134 521 3198 regredior
536 3133 747 3212 interpretandi
767 3134 1012 3208 causaudscriptu
1049 3138 1159 3188 timum
1178 3134 1234 3188 fuit
1245 3135 1300 3185 fot·
1348 3167 1349 3176 κ

240 3195 539 3252 mulattrtiorilluiu
562 3202 716 3254 memoriam
734 3202 812 3251 redeo
820 3222 831 3264 ;
848 3195 914 3254 dein
928 3203 1019 3256 adden
1041 3217 1138 3255 ocuru
1151 3201 1224 3255 dese
1240 3211 1299 3251 tum
1347 3199 1349 3244 l

240 3282 274 3318 ex
286 3265 425 3336 proximis
432 3281 545 3321 versum
559 3266 864 3335 efficerestuduerunt,
873 3278 907 3320 ut
919 3271 984 3326 fieri
996 3270 1068 3321 solet
1081 3270 1112 3320 in
1124 3267 1298 3337 lrocgenere

240 3332 283 3386 Ex
297 3332 436 3406 proximis
447 3335 537 3404 petitu
556 3349 657 3386 censeo
678 3334 769 3388 verba
789 3353 849 3387 cum
863 3354 967 3392 mecum
981 3339 1208 3421 cogitmutxquee
1218 3333 1299 3391 Plau·

240 3409 295 3464 tini
313 3410 373 3463 rint
390 3407 507 3482 saporis,
524 3408 629 3478 quibus
649 3407 685 3463 ud
703 3408 902 3464 antecedentia
917 3409 1016 3465 relatis
1033 3403 1144 3477 ὅτυχων
1160 3409 1299 3482 sequenti·

241 3485 306 3550 bus,
320 3486 393 3540 item
405 3482 598 3545 metricanus,
612 3480 723 3533 addidit
736 3484 824 3537 verbe
838 3485 948 3538 audisse
966 3503 1016 3538 me.
1041 3486 1198 3538 Confirmat
1211 3485 1299 3554 suspi·

239 3552 354 3606 cionem
373 3549 507 3619 antiquus
527 3547 711 3617 optimusque
730 3549 830 3615 codex,
844 3567 932 3621 quem
944 3552 1127 3618 versavimus,
1149 3550 1260 3615 ouen,
1271 3552 1299 3602 iu
1348 3585 1349 3618 q

240 3634 297 3688 quo
311 3618 392 3689 prior
403 3616 507 3668 horum
520 3627 657 3668 uersuum
669 3632 727 3669 non
739 3614 858 3684 legitur.
875 3617 957 3687 erod
965 3618 1082 3686 quidem
1091 3628 1249 3686 utrumque
1259 3634 1299 3669 re·
1348 3631 1349 3704 q

240 3686 364 3742 timentes
380 3680 489 3751 legunt.
503 3684 607 3734 rueetim
615 3685 744 3747 recogito,
756 3683 834 3751 fugit
845 3699 891 3737 eos
903 3685 987 3739 ratio.
1005 3680 1300 3737 Mecuminculcatun

242 3750 475 3809 trersifioatore.
505 3762 561 3816 949.
575 3747 634 3802 neb.
646 3763 703 3802 uon
715 3749 856 3818 liquescit.
885 3763 943 3819 95⁰·
959 3753 1057 3819 Hegio.
1071 3753 1137 3802 Η]
1156 3770 1183 3816 o,
1196 3752 1300 3820 imper·

240 3819 322 3872 fectis
355 3815 451 3869 uidem
469 3813 608 3867 numeris.
627 3813 673 3865 Sic
687 3824 716 3865 et
728 3831 815 3886 supra
827 3828 955 3871 erratum
968 3819 1025 3890 761.
1044 3819 1078 3871 iu
1090 3834 1124 3869 co
1146 3817 1299 3871 duelmst

241 3895 328 3953 atque
366 3882 421 3937 eid.
435 3881 478 3942 lu,
492 3888 520 3931 et
531 3894 590 3948 9⁰4·
603 3881 729 3955 scriptor
742 3882 849 3936 eodiois
861 3884 885 3938 A
898 3884 994 3938 Leid:
1009 3886 1109 3952 Hegio,
1129 3902 1180 3951 ego
1197 3887 1300 3950 adsum,

239 3973 308 4009 cum
319 3958 351 4008 in
369 3949 516 4024 adrsypdqp
533 3954 691 4026 reperisset,
706 3957 765 4012 uisi
783 3956 880 4023 fallor,
903 3961 962 4028 egio
976 3966 1055 4030 (uem
1072 3962 1113 4014 sie
1125 3960 1189 4014 fere
1200 3955 1301 4014 vetusti

242 4031 333 4104 libri),
350 4047 404 4101 pro
419 4044 510 4103 eoque
522 4026 583 4097 legi
596 4026 694 4097 vellet,
713 4030 763 4088 red
778 4031 856 4089 malo
874 4039 933 4107 ego.
1007 4040 1011 4048 ·

646 4167 927 4188 m
