<?xml version="1.0" encoding="UTF-8"?>
<!DOCTYPE html PUBLIC "-//W3C//DTD XHTML 1.0 Transitional//EN"
    "http://www.w3.org/TR/xhtml1/DTD/xhtml1-transitional.dtd">
<html xmlns="http://www.w3.org/1999/xhtml" xml:lang="en" lang="en">
 <head>
  <title>
</title>
<meta http-equiv="Content-Type" content="text/html;charset=utf-8" />
  <meta name='ocr-system' content='tesseract 3.04.00' />
  <meta name='ocr-capabilities' content='ocr_page ocr_carea ocr_par ocr_line ocrx_word'/>
</head>
<body>
  <div class='ocr_page' id='page_1' title='image "./mattiplauticomo00unkngoog/mattiplauticomo00unkngoog_0103.png"; bbox 0 0 2725 4659; ppageno 0'>
   <div class='ocr_carea' id='block_1_1' title="bbox 460 294 1122 389">
    <p class='ocr_par' dir='ltr' id='par_1_1' title="bbox 460 294 1122 389">
     <span class='ocr_line' id='line_1_1' title="bbox 460 294 1122 389; baseline -0.012 -25"><span class='ocrx_word' id='word_1_1' title='bbox 460 294 701 365; x_wconf 74' lang='lat' dir='ltr'>asturum.</span> <span class='ocrx_word' id='word_1_2' title='bbox 1062 296 1122 389; x_wconf 80' lang='lat'>⁶9-</span> 
     </span>
    </p>
   </div>
   <div class='ocr_carea' id='block_1_2' title="bbox 30 472 1140 1868">
    <p class='ocr_par' dir='ltr' id='par_1_2' title="bbox 30 472 1140 1868">
     <span class='ocr_line' id='line_1_2' title="bbox 48 472 1110 554; baseline 0.004 -21"><span class='ocrx_word' id='word_1_3' title='bbox 48 472 190 550; x_wconf 84' lang='lat' dir='ltr'>Quinta</span> <span class='ocrx_word' id='word_1_4' title='bbox 211 474 263 533; x_wconf 87' lang='lat' dir='ltr'>abs</span> <span class='ocrx_word' id='word_1_5' title='bbox 277 487 311 535; x_wconf 88' lang='lat' dir='ltr'>te</span> <span class='ocrx_word' id='word_1_6' title='bbox 328 473 506 535; x_wconf 83' lang='lat' dir='ltr'><strong>socordiam</strong></span> <span class='ocrx_word' id='word_1_7' title='bbox 520 488 653 534; x_wconf 88' lang='lat' dir='ltr'>omnam</span> <span class='ocrx_word' id='word_1_8' title='bbox 668 474 772 546; x_wconf 87' lang='lat' dir='ltr'>reicis,</span> <span class='ocrx_word' id='word_1_9' title='bbox 786 476 955 554; x_wconf 79' lang='lat' dir='ltr'>segnitiem</span> <span class='ocrx_word' id='word_1_10' title='bbox 965 495 1110 550; x_wconf 86' lang='lat' dir='ltr'>amoves,</span> 
     </span>
     <span class='ocr_line' id='line_1_3' title="bbox 45 556 1025 638; baseline 0.003 -22"><span class='ocrx_word' id='word_1_11' title='bbox 45 559 151 633; x_wconf 84' lang='lat' dir='ltr'>Atque</span> <span class='ocrx_word' id='word_1_12' title='bbox 172 556 210 614; x_wconf 90' lang='lat' dir='ltr'>ad</span> <span class='ocrx_word' id='word_1_13' title='bbox 232 560 402 638; x_wconf 85' lang='lat' dir='ltr'>ingenium</span> <span class='ocrx_word' id='word_1_14' title='bbox 423 571 513 616; x_wconf 86' lang='lat' dir='ltr'>vetus</span> <span class='ocrx_word' id='word_1_15' title='bbox 534 561 699 632; x_wconf 76' lang='lat' dir='ltr'>versutum</span> <span class='ocrx_word' id='word_1_16' title='bbox 719 570 752 614; x_wconf 88' lang='lat' dir='ltr'>te</span> <span class='ocrx_word' id='word_1_17' title='bbox 774 560 886 637; x_wconf 87' lang='lat' dir='ltr'>recipis</span> <span class='ocrx_word' id='word_1_18' title='bbox 906 561 1025 619; x_wconf 78' lang='lat' dir='ltr'>tuom?</span> 
     </span>
     <span class='ocr_line' id='line_1_4' title="bbox 44 635 1106 715; baseline 0.004 -18"><span class='ocrx_word' id='word_1_19' title='bbox 44 638 146 698; x_wconf 88' lang='lat' dir='ltr'>Serva</span> <span class='ocrx_word' id='word_1_20' title='bbox 164 638 298 698; x_wconf 88' lang='lat' dir='ltr'>herum!</span> <span class='ocrx_word' id='word_1_21' title='bbox 323 656 397 697; x_wconf 87' lang='lat' dir='ltr'>cave</span> <span class='ocrx_word' id='word_1_22' title='bbox 418 635 506 697; x_wconf 91' lang='lat' dir='ltr'>idern</span> <span class='ocrx_word' id='word_1_23' title='bbox 526 651 564 697; x_wconf 87' lang='lat' dir='ltr'>tu</span> <span class='ocrx_word' id='word_1_24' title='bbox 585 637 682 708; x_wconf 81' lang='lat' dir='ltr'>faxis,</span> <span class='ocrx_word' id='word_1_25' title='bbox 704 638 759 697; x_wconf 90' lang='lat' dir='ltr'>alii</span> <span class='ocrx_word' id='word_1_26' title='bbox 781 639 866 715; x_wconf 89' lang='lat' dir='ltr'>quod</span> <span class='ocrx_word' id='word_1_27' title='bbox 888 645 968 701; x_wconf 90' lang='lat' dir='ltr'>servi</span> <span class='ocrx_word' id='word_1_28' title='bbox 991 641 1106 711; x_wconf 84' lang='lat' dir='ltr'>solent,</span> 
     </span>
     <span class='ocr_line' id='line_1_5' title="bbox 45 719 1110 804; baseline -0.001 -25"><span class='ocrx_word' id='word_1_29' title='bbox 45 720 113 797; x_wconf 86' lang='lat' dir='ltr'>Qui</span> <span class='ocrx_word' id='word_1_30' title='bbox 135 719 174 778; x_wconf 88' lang='lat' dir='ltr'>ad</span> <span class='ocrx_word' id='word_1_31' title='bbox 195 719 267 780; x_wconf 86' lang='lat' dir='ltr'>heri</span> <span class='ocrx_word' id='word_1_32' title='bbox 286 719 523 783; x_wconf 77' lang='lat' dir='ltr'>fraudationem</span> <span class='ocrx_word' id='word_1_33' title='bbox 545 719 699 778; x_wconf 88' lang='lat' dir='ltr'>callidum</span> <span class='ocrx_word' id='word_1_34' title='bbox 719 722 888 801; x_wconf 85' lang='lat' dir='ltr'>ingenium</span> <span class='ocrx_word' id='word_1_35' title='bbox 911 726 1046 804; x_wconf 85' lang='lat' dir='ltr'>gerunt!</span> <span class='ocrx_word' id='word_1_36' title='bbox 1066 749 1110 771; x_wconf 65' lang='grc' dir='ltr'>-ι</span> 
     </span>
     <span class='ocr_line' id='line_1_6' title="bbox 64 800 1109 883; baseline 0.007 -23"><span class='ocrx_word' id='word_1_37' title='bbox 64 829 69 833; x_wconf 89' lang='grc'><strong><em>·</em></strong></span> <span class='ocrx_word' id='word_1_38' title='bbox 128 800 224 861; x_wconf 83' lang='lat' dir='ltr'>Unde</span> <span class='ocrx_word' id='word_1_39' title='bbox 241 801 392 861; x_wconf 80' lang='lat' dir='ltr'>suniam?</span> <span class='ocrx_word' id='word_1_40' title='bbox 418 820 515 880; x_wconf 88' lang='lat' dir='ltr'>quem</span> <span class='ocrx_word' id='word_1_41' title='bbox 528 803 764 861; x_wconf 80' lang='lat' dir='ltr'>intervortam?</span> <span class='ocrx_word' id='word_1_42' title='bbox 786 823 848 883; x_wconf 92' lang='lat' dir='ltr'>quo</span> <span class='ocrx_word' id='word_1_43' title='bbox 863 805 947 868; x_wconf 85' lang='lat' dir='ltr'>hanc</span> <span class='ocrx_word' id='word_1_44' title='bbox 964 806 1109 867; x_wconf 84' lang='lat' dir='ltr'>celocem</span> 
     </span>
     <span class='ocr_line' id='line_1_7' title="bbox 562 884 1105 967; baseline 0 -25"><span class='ocrx_word' id='word_1_45' title='bbox 562 884 750 942; x_wconf 82' lang='lat' dir='ltr'>conferam?</span> <span class='ocrx_word' id='word_1_46' title='bbox 1038 905 1105 967; x_wconf 69' lang='lat'>24⁰</span> 
     </span>
     <span class='ocr_line' id='line_1_8' title="bbox 41 964 1045 1048; baseline 0 -20"><span class='ocrx_word' id='word_1_47' title='bbox 41 968 264 1048; x_wconf 83' lang='lat' dir='ltr'>Inpetritum,</span> <span class='ocrx_word' id='word_1_48' title='bbox 285 964 517 1044; x_wconf 84' lang='lat' dir='ltr'>inauguratum</span> <span class='ocrx_word' id='word_1_49' title='bbox 538 979 602 1044; x_wconf 82' lang='lat' dir='ltr'>est3</span> <span class='ocrx_word' id='word_1_50' title='bbox 625 968 739 1043; x_wconf 88' lang='lat' dir='ltr'>quovis</span> <span class='ocrx_word' id='word_1_51' title='bbox 758 965 934 1028; x_wconf 87' lang='lat' dir='ltr'>admittunt</span> <span class='ocrx_word' id='word_1_52' title='bbox 955 986 1045 1039; x_wconf 84' lang='lat' dir='ltr'>aves3</span> 
     </span>
     <span class='ocr_line' id='line_1_9' title="bbox 41 1048 1058 1124; baseline -0.003 -13"><span class='ocrx_word' id='word_1_53' title='bbox 41 1051 143 1111; x_wconf 86' lang='lat' dir='ltr'>Picus</span> <span class='ocrx_word' id='word_1_54' title='bbox 165 1061 198 1108; x_wconf 90' lang='lat' dir='ltr'>et</span> <span class='ocrx_word' id='word_1_55' title='bbox 219 1051 332 1108; x_wconf 85' lang='lat' dir='ltr'>cornix</span> <span class='ocrx_word' id='word_1_56' title='bbox 353 1048 392 1107; x_wconf 94' lang='lat' dir='ltr'>ab</span> <span class='ocrx_word' id='word_1_57' title='bbox 413 1048 501 1107; x_wconf 90' lang='lat' dir='ltr'>laeva</span> <span class='ocrx_word' id='word_1_58' title='bbox 523 1062 587 1120; x_wconf 87' lang='lat' dir='ltr'>est,</span> <span class='ocrx_word' id='word_1_59' title='bbox 609 1066 833 1124; x_wconf 22' lang='lat' dir='ltr'>corvos-porro</span> <span class='ocrx_word' id='word_1_60' title='bbox 853 1049 893 1124; x_wconf 85' lang='lat' dir='ltr'>ab</span> <span class='ocrx_word' id='word_1_61' title='bbox 915 1051 1058 1114; x_wconf 79' lang='lat' dir='ltr'>dextera.</span> 
     </span>
     <span class='ocr_line' id='line_1_10' title="bbox 42 1128 1108 1209; baseline 0.001 -18"><span class='ocrx_word' id='word_1_62' title='bbox 42 1129 263 1192; x_wconf 87' lang='lat' dir='ltr'>Consuadent.</span> <span class='ocrx_word' id='word_1_63' title='bbox 307 1128 440 1189; x_wconf 87' lang='lat' dir='ltr'>Certum</span> <span class='ocrx_word' id='word_1_64' title='bbox 472 1129 579 1192; x_wconf 82' lang='lat' dir='ltr'>hercle</span> <span class='ocrx_word' id='word_1_65' title='bbox 611 1142 657 1188; x_wconf 89' lang='lat' dir='ltr'>est</span> <span class='ocrx_word' id='word_1_66' title='bbox 688 1142 829 1189; x_wconf 82' lang='lat' dir='ltr'>vostram</span> <span class='ocrx_word' id='word_1_67' title='bbox 858 1136 1011 1209; x_wconf 80' lang='lat' dir='ltr'>consequi</span> <span class='ocrx_word' id='word_1_68' title='bbox 1040 1151 1108 1192; x_wconf 88' lang='lat' dir='ltr'>sen·</span> 
     </span>
     <span class='ocr_line' id='line_1_11' title="bbox 52 1215 1024 1276; baseline 0.005 -6"><span class='ocrx_word' id='word_1_69' title='bbox 52 1221 55 1224; x_wconf 83' lang='lat'>&#39;</span> <span class='ocrx_word' id='word_1_70' title='bbox 140 1215 144 1222; x_wconf 85' lang='lat'>&#39;</span> <span class='ocrx_word' id='word_1_71' title='bbox 560 1215 708 1271; x_wconf 77' lang='lat' dir='ltr'>tentiam</span> <span class='ocrx_word' id='word_1_72' title='bbox 954 1217 978 1274; x_wconf 74' lang='lat' dir='ltr'>i.</span> <span class='ocrx_word' id='word_1_73' title='bbox 1000 1228 1024 1276; x_wconf 75' lang='lat' dir='ltr'>t</span> 
     </span>
     <span class='ocr_line' id='line_1_12' title="bbox 40 1290 1140 1378; baseline 0.002 -23"><span class='ocrx_word' id='word_1_74' title='bbox 40 1292 109 1355; x_wconf 87' lang='lat' dir='ltr'>Sed</span> <span class='ocrx_word' id='word_1_75' title='bbox 140 1292 217 1372; x_wconf 91' lang='lat' dir='ltr'>quid</span> <span class='ocrx_word' id='word_1_76' title='bbox 244 1292 323 1365; x_wconf 89' lang='lat' dir='ltr'>hoc,</span> <span class='ocrx_word' id='word_1_77' title='bbox 351 1292 438 1372; x_wconf 85' lang='lat' dir='ltr'>quod</span> <span class='ocrx_word' id='word_1_78' title='bbox 467 1296 556 1374; x_wconf 86' lang='lat' dir='ltr'>picus</span> <span class='ocrx_word' id='word_1_79' title='bbox 576 1294 705 1353; x_wconf 89' lang='lat' dir='ltr'>ulmum</span> <span class='ocrx_word' id='word_1_80' title='bbox 726 1290 862 1354; x_wconf 83' lang='lat' dir='ltr'>tundit?</span> <span class='ocrx_word' id='word_1_81' title='bbox 904 1297 980 1356; x_wconf 90' lang='lat' dir='ltr'>Non</span> <span class='ocrx_word' id='word_1_82' title='bbox 1008 1309 1109 1357; x_wconf 89' lang='lat' dir='ltr'>teme·</span> <span class='ocrx_word' id='word_1_83' title='bbox 1138 1372 1140 1378; x_wconf 17' lang='grc' dir='ltr'><strong><em>Α</em></strong></span> 
     </span>
     <span class='ocr_line' id='line_1_13' title="bbox 30 1377 1021 1439; baseline 0.001 -2"><span class='ocrx_word' id='word_1_84' title='bbox 30 1420 34 1425; x_wconf 85' lang='lat'><em>-</em></span> <span class='ocrx_word' id='word_1_85' title='bbox 558 1377 683 1438; x_wconf 78' lang='lat' dir='ltr'>tarium</span> <span class='ocrx_word' id='word_1_86' title='bbox 705 1388 763 1437; x_wconf 86' lang='lat' dir='ltr'>est.</span> <span class='ocrx_word' id='word_1_87' title='bbox 902 1390 926 1437; x_wconf 88' lang='lat' dir='ltr'>t.</span> <span class='ocrx_word' id='word_1_88' title='bbox 948 1393 971 1436; x_wconf 90' lang='lat' dir='ltr'>t.</span> <span class='ocrx_word' id='word_1_89' title='bbox 994 1398 1021 1439; x_wconf 92' lang='lat' dir='ltr'>c.</span> 
     </span>
     <span class='ocr_line' id='line_1_14' title="bbox 42 1455 1107 1540; baseline 0.002 -21"><span class='ocrx_word' id='word_1_90' title='bbox 42 1458 141 1520; x_wconf 85' lang='lat' dir='ltr'>Certa</span> <span class='ocrx_word' id='word_1_91' title='bbox 168 1455 294 1528; x_wconf 80' lang='lat' dir='ltr'>hercle,</span> <span class='ocrx_word' id='word_1_92' title='bbox 323 1474 383 1537; x_wconf 87' lang='lat' dir='ltr'>ego</span> <span class='ocrx_word' id='word_1_93' title='bbox 412 1471 572 1536; x_wconf 89' lang='lat' dir='ltr'>quantum</span> <span class='ocrx_word' id='word_1_94' title='bbox 601 1477 642 1519; x_wconf 81' lang='lat' dir='ltr'>ex</span> <span class='ocrx_word' id='word_1_95' title='bbox 671 1459 807 1537; x_wconf 85' lang='lat' dir='ltr'>augurio</span> <span class='ocrx_word' id='word_1_96' title='bbox 840 1459 981 1540; x_wconf 87' lang='lat' dir='ltr'>auspicid</span> <span class='ocrx_word' id='word_1_97' title='bbox 1009 1462 1107 1521; x_wconf 88' lang='lat' dir='ltr'>intel·</span> 
     </span>
     <span class='ocr_line' id='line_1_15' title="bbox 141 1541 1107 1622; baseline 0.003 -21"><span class='ocrx_word' id='word_1_98' title='bbox 141 1587 145 1601; x_wconf 87' lang='lat'>.</span> <span class='ocrx_word' id='word_1_99' title='bbox 283 1561 287 1574; x_wconf 79' lang='grc'>’</span> <span class='ocrx_word' id='word_1_100' title='bbox 556 1541 641 1622; x_wconf 87' lang='lat' dir='ltr'>lego,</span> <span class='ocrx_word' id='word_1_101' title='bbox 726 1611 730 1616; x_wconf 83' lang='lat'>.</span> <span class='ocrx_word' id='word_1_102' title='bbox 824 1583 826 1588; x_wconf 79' lang='lat'><em>·</em></span> <span class='ocrx_word' id='word_1_103' title='bbox 893 1609 896 1614; x_wconf 41' lang='grc'><strong><em>,</em></strong></span> <span class='ocrx_word' id='word_1_104' title='bbox 1045 1558 1107 1621; x_wconf 75' lang='lat'>245</span> 
     </span>
     <span class='ocr_line' id='line_1_16' title="bbox 40 1619 1055 1705; baseline 0 -22"><span class='ocrx_word' id='word_1_105' title='bbox 40 1625 112 1684; x_wconf 83' lang='lat' dir='ltr'>Aut</span> <span class='ocrx_word' id='word_1_106' title='bbox 133 1619 217 1682; x_wconf 90' lang='lat' dir='ltr'>mihi</span> <span class='ocrx_word' id='word_1_107' title='bbox 236 1624 273 1681; x_wconf 89' lang='lat' dir='ltr'>in</span> <span class='ocrx_word' id='word_1_108' title='bbox 293 1620 415 1681; x_wconf 90' lang='lat' dir='ltr'>mundo</span> <span class='ocrx_word' id='word_1_109' title='bbox 435 1636 512 1684; x_wconf 89' lang='lat' dir='ltr'>sunt</span> <span class='ocrx_word' id='word_1_110' title='bbox 531 1627 657 1705; x_wconf 85' lang='lat' dir='ltr'>virgae,</span> <span class='ocrx_word' id='word_1_111' title='bbox 680 1634 735 1681; x_wconf 89' lang='lat' dir='ltr'>aut</span> <span class='ocrx_word' id='word_1_112' title='bbox 757 1624 888 1683; x_wconf 86' lang='lat' dir='ltr'>atriensi</span> <span class='ocrx_word' id='word_1_113' title='bbox 909 1623 1055 1684; x_wconf 83' lang='lat' dir='ltr'>Saureae.</span> 
     </span>
     <span class='ocr_line' id='line_1_17' title="bbox 44 1703 1107 1785; baseline 0.002 -22"><span class='ocrx_word' id='word_1_114' title='bbox 44 1704 110 1764; x_wconf 89' lang='lat' dir='ltr'>Sed</span> <span class='ocrx_word' id='word_1_115' title='bbox 131 1703 207 1785; x_wconf 85' lang='lat' dir='ltr'>quid</span> <span class='ocrx_word' id='word_1_116' title='bbox 227 1703 325 1774; x_wconf 80' lang='lat' dir='ltr'>illue,</span> <span class='ocrx_word' id='word_1_117' title='bbox 348 1703 433 1783; x_wconf 85' lang='lat' dir='ltr'>quod</span> <span class='ocrx_word' id='word_1_118' title='bbox 450 1709 659 1767; x_wconf 76' lang='lat' dir='ltr'>exanimatus.</span> <span class='ocrx_word' id='word_1_119' title='bbox 674 1706 773 1767; x_wconf 81' lang='lat' dir='ltr'>currit</span> <span class='ocrx_word' id='word_1_120' title='bbox 794 1704 847 1766; x_wconf 87' lang='lat' dir='ltr'>bic</span> <span class='ocrx_word' id='word_1_121' title='bbox 868 1707 1036 1784; x_wconf 79' lang='lat' dir='ltr'>Leonida?</span> <span class='ocrx_word' id='word_1_122' title='bbox 1101 1776 1107 1783; x_wconf 22' lang='grc' dir='ltr'><strong><em>ο</em></strong></span> 
     </span>
     <span class='ocr_line' id='line_1_18' title="bbox 42 1783 1065 1868; baseline 0.004 -19"><span class='ocrx_word' id='word_1_123' title='bbox 42 1783 174 1859; x_wconf 85' lang='lat' dir='ltr'>Metuo,</span> <span class='ocrx_word' id='word_1_124' title='bbox 196 1784 284 1868; x_wconf 91' lang='lat' dir='ltr'>quod</span> <span class='ocrx_word' id='word_1_125' title='bbox 304 1785 372 1847; x_wconf 88' lang='lat' dir='ltr'>illic</span> <span class='ocrx_word' id='word_1_126' title='bbox 393 1785 592 1849; x_wconf 88' lang='lat' dir='ltr'>obscaecavit</span> <span class='ocrx_word' id='word_1_127' title='bbox 612 1786 712 1848; x_wconf 87' lang='lat' dir='ltr'>falsae</span> <span class='ocrx_word' id='word_1_128' title='bbox 732 1806 824 1850; x_wconf 89' lang='lat' dir='ltr'>meae</span> <span class='ocrx_word' id='word_1_129' title='bbox 846 1788 983 1850; x_wconf 84' lang='lat' dir='ltr'>fallacie.</span> <span class='ocrx_word' id='word_1_130' title='bbox 1006 1791 1028 1853; x_wconf 88' lang='lat' dir='ltr'>i.</span> <span class='ocrx_word' id='word_1_131' title='bbox 1041 1801 1065 1855; x_wconf 88' lang='lat' dir='ltr'>t.</span> 
     </span>
    </p>
   </div>
   <div class='ocr_carea' id='block_1_3' title="bbox 311 2171 841 2272">
    <p class='ocr_par' dir='ltr' id='par_1_3' title="bbox 311 2171 841 2272">
     <span class='ocr_line' id='line_1_19' title="bbox 311 2171 841 2272; baseline -0.002 -34"><span class='ocrx_word' id='word_1_132' title='bbox 311 2171 561 2238; x_wconf 77' lang='lat' dir='ltr'>tuentur.</span> <span class='ocrx_word' id='word_1_133' title='bbox 587 2174 841 2272; x_wconf 18' lang='lat' dir='ltr'>‘ursanus</span> 
     </span>
    </p>
   </div>
   <div class='ocr_carea' id='block_1_4' title="bbox 38 2336 1198 3659">
    <p class='ocr_par' dir='ltr' id='par_1_4' title="bbox 45 2336 1107 2495">
     <span class='ocr_line' id='line_1_20' title="bbox 45 2336 1107 2420; baseline 0.001 -20"><span class='ocrx_word' id='word_1_134' title='bbox 45 2336 116 2400; x_wconf 68' lang='lat' dir='ltr'>Lm</span> <span class='ocrx_word' id='word_1_135' title='bbox 128 2338 196 2402; x_wconf 90' lang='lat' dir='ltr'>Ubi</span> <span class='ocrx_word' id='word_1_136' title='bbox 215 2359 275 2420; x_wconf 80' lang='lat' dir='ltr'>ego</span> <span class='ocrx_word' id='word_1_137' title='bbox 295 2355 383 2398; x_wconf 85' lang='lat' dir='ltr'>nunc</span> <span class='ocrx_word' id='word_1_138' title='bbox 404 2337 566 2398; x_wconf 88' lang='lat' dir='ltr'>Libanum</span> <span class='ocrx_word' id='word_1_139' title='bbox 588 2340 753 2418; x_wconf 87' lang='lat' dir='ltr'>requiram</span> <span class='ocrx_word' id='word_1_140' title='bbox 774 2352 830 2400; x_wconf 88' lang='lat' dir='ltr'>aut</span> <span class='ocrx_word' id='word_1_141' title='bbox 850 2339 1046 2404; x_wconf 85' lang='lat' dir='ltr'>familiarem</span> <span class='ocrx_word' id='word_1_142' title='bbox 1068 2339 1107 2401; x_wconf 81' lang='lat' dir='ltr'>fi·</span> 
     </span>
     <span class='ocr_line' id='line_1_21' title="bbox 558 2422 1023 2495; baseline 0.004 -13"><span class='ocrx_word' id='word_1_143' title='bbox 558 2422 655 2490; x_wconf 84' lang='lat' dir='ltr'>lium,</span> <span class='ocrx_word' id='word_1_144' title='bbox 800 2434 821 2479; x_wconf 89' lang='lat' dir='ltr'>t.</span> <span class='ocrx_word' id='word_1_145' title='bbox 843 2434 866 2482; x_wconf 91' lang='lat' dir='ltr'>t.</span> <span class='ocrx_word' id='word_1_146' title='bbox 889 2441 916 2482; x_wconf 90' lang='lat' dir='ltr'>c.</span> <span class='ocrx_word' id='word_1_147' title='bbox 938 2423 981 2495; x_wconf 90' lang='grc' dir='ltr'>ΙΙ,</span> <span class='ocrx_word' id='word_1_148' title='bbox 1003 2441 1023 2484; x_wconf 81' lang='lat'>2</span> 
     </span>
    </p>

    <p class='ocr_par' dir='ltr' id='par_1_5' title="bbox 45 2502 1128 2585">
     <span class='ocr_line' id='line_1_22' title="bbox 45 2502 1128 2585; baseline -0.006 -20"><span class='ocrx_word' id='word_1_149' title='bbox 45 2504 94 2565; x_wconf 88' lang='lat' dir='ltr'>Ut</span> <span class='ocrx_word' id='word_1_150' title='bbox 114 2524 174 2585; x_wconf 86' lang='lat' dir='ltr'>ego</span> <span class='ocrx_word' id='word_1_151' title='bbox 195 2504 268 2566; x_wconf 88' lang='lat' dir='ltr'>illos</span> <span class='ocrx_word' id='word_1_152' title='bbox 288 2504 485 2567; x_wconf 84' lang='lat' dir='ltr'>lubentiores</span> <span class='ocrx_word' id='word_1_153' title='bbox 498 2503 625 2574; x_wconf 87' lang='lat' dir='ltr'>faciam,</span> <span class='ocrx_word' id='word_1_154' title='bbox 647 2521 744 2581; x_wconf 88' lang='lat' dir='ltr'>quam</span> <span class='ocrx_word' id='word_1_155' title='bbox 757 2502 917 2564; x_wconf 87' lang='lat' dir='ltr'>Lubentia</span> <span class='ocrx_word' id='word_1_156' title='bbox 939 2506 1014 2564; x_wconf 75' lang='lat' dir='ltr'>est?v</span> <span class='ocrx_word' id='word_1_157' title='bbox 1043 2521 1105 2583; x_wconf 78' lang='lat'>250</span> <span class='ocrx_word' id='word_1_158' title='bbox 1125 2549 1128 2558; x_wconf 83' lang='lat'>.</span> 
     </span>
    </p>

    <p class='ocr_par' dir='ltr' id='par_1_6' title="bbox 44 2584 1104 2666">
     <span class='ocr_line' id='line_1_23' title="bbox 44 2584 1104 2666; baseline 0.003 -20"><span class='ocrx_word' id='word_1_159' title='bbox 44 2584 241 2647; x_wconf 75' lang='lat' dir='ltr'>Maxumum</span> <span class='ocrx_word' id='word_1_160' title='bbox 256 2588 408 2666; x_wconf 83' lang='lat' dir='ltr'>praedam</span> <span class='ocrx_word' id='word_1_161' title='bbox 423 2600 456 2648; x_wconf 90' lang='lat' dir='ltr'>et</span> <span class='ocrx_word' id='word_1_162' title='bbox 469 2585 673 2666; x_wconf 87' lang='lat' dir='ltr'>triumphum</span> <span class='ocrx_word' id='word_1_163' title='bbox 683 2584 848 2646; x_wconf 81' lang='lat' dir='ltr'>eisadfero</span> <span class='ocrx_word' id='word_1_164' title='bbox 858 2585 995 2646; x_wconf 87' lang='lat' dir='ltr'>adventu</span> <span class='ocrx_word' id='word_1_165' title='bbox 1011 2591 1104 2649; x_wconf 88' lang='lat' dir='ltr'>meo!</span> 
     </span>
    </p>

    <p class='ocr_par' dir='ltr' id='par_1_7' title="bbox 45 2668 1056 2751">
     <span class='ocr_line' id='line_1_24' title="bbox 45 2668 1056 2751; baseline 0 -23"><span class='ocrx_word' id='word_1_166' title='bbox 45 2668 183 2748; x_wconf 89' lang='lat' dir='ltr'>Quando</span> <span class='ocrx_word' id='word_1_167' title='bbox 203 2689 335 2730; x_wconf 89' lang='lat' dir='ltr'>mecum</span> <span class='ocrx_word' id='word_1_168' title='bbox 355 2672 475 2751; x_wconf 88' lang='lat' dir='ltr'>pariter</span> <span class='ocrx_word' id='word_1_169' title='bbox 494 2681 623 2749; x_wconf 84' lang='lat' dir='ltr'>potant,</span> <span class='ocrx_word' id='word_1_170' title='bbox 645 2668 766 2747; x_wconf 87' lang='lat' dir='ltr'>pariter</span> <span class='ocrx_word' id='word_1_171' title='bbox 786 2672 916 2730; x_wconf 84' lang='lat' dir='ltr'>scortari</span> <span class='ocrx_word' id='word_1_172' title='bbox 937 2670 1056 2746; x_wconf 79' lang='lat' dir='ltr'>solent:</span> 
     </span>
    </p>

    <p class='ocr_par' dir='ltr' id='par_1_8' title="bbox 42 2750 1104 2831">
     <span class='ocr_line' id='line_1_25' title="bbox 42 2750 1104 2831; baseline 0.004 -19"><span class='ocrx_word' id='word_1_173' title='bbox 42 2751 137 2814; x_wconf 87' lang='lat' dir='ltr'>Hanc</span> <span class='ocrx_word' id='word_1_174' title='bbox 159 2750 308 2830; x_wconf 87' lang='lat' dir='ltr'>quidem,</span> <span class='ocrx_word' id='word_1_175' title='bbox 331 2772 429 2831; x_wconf 91' lang='lat' dir='ltr'>quam</span> <span class='ocrx_word' id='word_1_176' title='bbox 448 2764 578 2823; x_wconf 83' lang='lat' dir='ltr'>nactus,</span> <span class='ocrx_word' id='word_1_177' title='bbox 600 2750 771 2830; x_wconf 86' lang='lat' dir='ltr'>praedam,</span> <span class='ocrx_word' id='word_1_178' title='bbox 804 2757 923 2831; x_wconf 82' lang='lat' dir='ltr'>pariter</span> <span class='ocrx_word' id='word_1_179' title='bbox 945 2755 1104 2816; x_wconf 88' lang='lat' dir='ltr'>cumillis</span> 
     </span>
    </p>

    <p class='ocr_par' dir='ltr' id='par_1_9' title="bbox 55 2835 703 2914">
     <span class='ocr_line' id='line_1_26' title="bbox 55 2835 703 2914; baseline -0.006 -20"><span class='ocrx_word' id='word_1_180' title='bbox 55 2871 57 2877; x_wconf 93' lang='lat'>·</span> <span class='ocrx_word' id='word_1_181' title='bbox 174 2866 178 2872; x_wconf 93' lang='lat'><strong>·</strong></span> <span class='ocrx_word' id='word_1_182' title='bbox 558 2835 703 2914; x_wconf 88' lang='lat' dir='ltr'>partiam.</span> 
     </span>
    </p>

    <p class='ocr_par' dir='ltr' id='par_1_10' title="bbox 41 2911 1020 2993">
     <span class='ocr_line' id='line_1_27' title="bbox 41 2911 1020 2993; baseline -0.002 -15"><span class='ocrx_word' id='word_1_183' title='bbox 41 2917 95 2980; x_wconf 92' lang='lat' dir='ltr'>L1.</span> <span class='ocrx_word' id='word_1_184' title='bbox 117 2917 193 2977; x_wconf 82' lang='lat' dir='ltr'>Illic&#39;</span> <span class='ocrx_word' id='word_1_185' title='bbox 213 2916 310 2977; x_wconf 82' lang='lat' dir='ltr'>hoino</span> <span class='ocrx_word' id='word_1_186' title='bbox 331 2916 416 2977; x_wconf 89' lang='lat' dir='ltr'>aedis</span> <span class='ocrx_word' id='word_1_187' title='bbox 438 2915 633 2993; x_wconf 68' lang='lat' dir='ltr'>conpilent,</span> <span class='ocrx_word' id='word_1_188' title='bbox 655 2935 745 2974; x_wconf 88' lang='lat' dir='ltr'>more</span> <span class='ocrx_word' id='word_1_189' title='bbox 767 2917 794 2974; x_wconf 88' lang='lat' dir='ltr'>si</span> <span class='ocrx_word' id='word_1_190' title='bbox 813 2915 899 2975; x_wconf 78' lang='lat' dir='ltr'>fecit&#39;</span> <span class='ocrx_word' id='word_1_191' title='bbox 913 2937 979 2980; x_wconf 86' lang='lat' dir='ltr'>suu.</span> <span class='ocrx_word' id='word_1_192' title='bbox 1017 2911 1020 2920; x_wconf 52' lang='lat'><strong><em>⁴</em></strong></span> 
     </span>
    </p>

    <p class='ocr_par' dir='ltr' id='par_1_11' title="bbox 40 2997 1105 3081">
     <span class='ocr_line' id='line_1_28' title="bbox 40 2997 1105 3081; baseline -0.006 -21"><span class='ocrx_word' id='word_1_193' title='bbox 40 2999 109 3060; x_wconf 87' lang='lat' dir='ltr'>Vae</span> <span class='ocrx_word' id='word_1_194' title='bbox 131 2999 203 3073; x_wconf 88' lang='lat' dir='ltr'>illi,</span> <span class='ocrx_word' id='word_1_195' title='bbox 226 3002 280 3081; x_wconf 90' lang='lat' dir='ltr'>qui</span> <span class='ocrx_word' id='word_1_196' title='bbox 301 3014 370 3059; x_wconf 90' lang='lat' dir='ltr'>tam</span> <span class='ocrx_word' id='word_1_197' title='bbox 389 2999 598 3080; x_wconf 73' lang='lat' dir='ltr'>indiligenter</span> <span class='ocrx_word' id='word_1_198' title='bbox 616 2997 793 3057; x_wconf 86' lang='lat' dir='ltr'>observavit</span> <span class='ocrx_word' id='word_1_199' title='bbox 815 2998 964 3072; x_wconf 84' lang='lat' dir='ltr'>januam!</span> <span class='ocrx_word' id='word_1_200' title='bbox 1018 2999 1020 3005; x_wconf 85' lang='lat'>&#39;</span> <span class='ocrx_word' id='word_1_201' title='bbox 1042 3020 1105 3079; x_wconf 78' lang='lat'>255</span> 
     </span>
    </p>

    <p class='ocr_par' dir='ltr' id='par_1_12' title="bbox 40 3079 1104 3222">
     <span class='ocr_line' id='line_1_29' title="bbox 40 3079 1104 3163; baseline 0.003 -20"><span class='ocrx_word' id='word_1_202' title='bbox 40 3083 103 3143; x_wconf 77' lang='lat' dir='ltr'>Lu.</span> <span class='ocrx_word' id='word_1_203' title='bbox 126 3086 276 3143; x_wconf 83' lang='lat' dir='ltr'>Aetatem</span> <span class='ocrx_word' id='word_1_204' title='bbox 297 3102 370 3163; x_wconf 85' lang='lat' dir='ltr'>ego</span> <span class='ocrx_word' id='word_1_205' title='bbox 391 3081 495 3144; x_wconf 85' lang='lat' dir='ltr'>velim</span> <span class='ocrx_word' id='word_1_206' title='bbox 516 3082 650 3148; x_wconf 81' lang='lat' dir='ltr'>servire,</span> <span class='ocrx_word' id='word_1_207' title='bbox 671 3079 833 3141; x_wconf 88' lang='lat' dir='ltr'>Libanum</span> <span class='ocrx_word' id='word_1_208' title='bbox 854 3086 1104 3146; x_wconf 86' lang='lat' dir='ltr'>ut.conveniam</span> 
     </span>
     <span class='ocr_line' id='line_1_30' title="bbox 556 3161 671 3222; baseline -0.026 0"><span class='ocrx_word' id='word_1_209' title='bbox 556 3161 671 3222; x_wconf 90' lang='lat' dir='ltr'>modo!</span> 
     </span>
    </p>

    <p class='ocr_par' dir='ltr' id='par_1_13' title="bbox 38 3243 1103 3325">
     <span class='ocr_line' id='line_1_31' title="bbox 38 3243 1103 3325; baseline 0.002 -18"><span class='ocrx_word' id='word_1_210' title='bbox 38 3247 94 3308; x_wconf 92' lang='lat' dir='ltr'>L1.</span> <span class='ocrx_word' id='word_1_211' title='bbox 123 3244 199 3314; x_wconf 87' lang='lat' dir='ltr'>Mea</span> <span class='ocrx_word' id='word_1_212' title='bbox 220 3247 351 3325; x_wconf 87' lang='lat' dir='ltr'>quidem</span> <span class='ocrx_word' id='word_1_213' title='bbox 377 3243 488 3318; x_wconf 77' lang='lat' dir='ltr'>hercle</span> <span class='ocrx_word' id='word_1_214' title='bbox 508 3245 592 3305; x_wconf 83' lang='lat' dir='ltr'>liber</span> <span class='ocrx_word' id='word_1_215' title='bbox 621 3262 716 3323; x_wconf 90' lang='lat' dir='ltr'>opera</span> <span class='ocrx_word' id='word_1_216' title='bbox 737 3264 905 3323; x_wconf 82' lang='lat' dir='ltr'>nunquam</span> <span class='ocrx_word' id='word_1_217' title='bbox 926 3247 983 3308; x_wconf 84' lang='lat' dir='ltr'>fies</span> <span class='ocrx_word' id='word_1_218' title='bbox 1006 3253 1103 3310; x_wconf 89' lang='lat' dir='ltr'>ocius.</span> 
     </span>
    </p>

    <p class='ocr_par' dir='ltr' id='par_1_14' title="bbox 40 3327 1198 3414">
     <span class='ocr_line' id='line_1_32' title="bbox 40 3327 1198 3414; baseline 0 -25"><span class='ocrx_word' id='word_1_219' title='bbox 40 3330 102 3390; x_wconf 80' lang='lat' dir='ltr'>Lar.</span> <span class='ocrx_word' id='word_1_220' title='bbox 125 3329 235 3390; x_wconf 87' lang='lat' dir='ltr'>Etiam</span> <span class='ocrx_word' id='word_1_221' title='bbox 257 3327 296 3387; x_wconf 89' lang='lat' dir='ltr'>de</span> <span class='ocrx_word' id='word_1_222' title='bbox 317 3342 408 3408; x_wconf 87' lang='lat' dir='ltr'>tergo</span> <span class='ocrx_word' id='word_1_223' title='bbox 431 3328 584 3396; x_wconf 84' lang='lat' dir='ltr'>ducentas</span> <span class='ocrx_word' id='word_1_224' title='bbox 605 3327 713 3406; x_wconf 81' lang='lat' dir='ltr'>plagas</span> <span class='ocrx_word' id='word_1_225' title='bbox 733 3331 938 3408; x_wconf 73' lang='lat' dir='ltr'>praegnantis</span> <span class='ocrx_word' id='word_1_226' title='bbox 962 3332 1053 3390; x_wconf 83' lang='lat' dir='ltr'>debu.</span> <span class='ocrx_word' id='word_1_227' title='bbox 1191 3398 1198 3414; x_wconf 17' lang='grc' dir='ltr'>ἡ</span> 
     </span>
    </p>

    <p class='ocr_par' dir='ltr' id='par_1_15' title="bbox 38 3411 1104 3495">
     <span class='ocr_line' id='line_1_33' title="bbox 38 3411 1104 3495; baseline 0 -23"><span class='ocrx_word' id='word_1_228' title='bbox 38 3413 97 3472; x_wconf 91' lang='lat' dir='ltr'>L1.</span> <span class='ocrx_word' id='word_1_229' title='bbox 120 3411 274 3491; x_wconf 80' lang='lat' dir='ltr'>Largitur</span> <span class='ocrx_word' id='word_1_230' title='bbox 287 3411 470 3490; x_wconf 86' lang='lat' dir='ltr'>peculium:</span> <span class='ocrx_word' id='word_1_231' title='bbox 493 3411 681 3470; x_wconf 74' lang='lat' dir='ltr'>omnemin</span> <span class='ocrx_word' id='word_1_232' title='bbox 695 3423 785 3488; x_wconf 88' lang='lat' dir='ltr'>tergo</span> <span class='ocrx_word' id='word_1_233' title='bbox 804 3411 991 3472; x_wconf 87' lang='lat' dir='ltr'>thesaurum</span> <span class='ocrx_word' id='word_1_234' title='bbox 1013 3414 1104 3495; x_wconf 83' lang='lat' dir='ltr'>gerit.</span> 
     </span>
    </p>

    <p class='ocr_par' dir='ltr' id='par_1_16' title="bbox 39 3487 1104 3570">
     <span class='ocr_line' id='line_1_34' title="bbox 39 3487 1104 3570; baseline 0.002 -15"><span class='ocrx_word' id='word_1_235' title='bbox 39 3495 96 3555; x_wconf 88' lang='lat' dir='ltr'>Lr.</span> <span class='ocrx_word' id='word_1_236' title='bbox 117 3494 205 3553; x_wconf 90' lang='lat' dir='ltr'>Nam</span> <span class='ocrx_word' id='word_1_237' title='bbox 226 3494 253 3553; x_wconf 90' lang='lat' dir='ltr'>si</span> <span class='ocrx_word' id='word_1_238' title='bbox 274 3487 404 3552; x_wconf 56' lang='lat' dir='ltr'>se&#39;huic</span> <span class='ocrx_word' id='word_1_239' title='bbox 425 3493 579 3552; x_wconf 87' lang='lat' dir='ltr'>occasioni</span> <span class='ocrx_word' id='word_1_240' title='bbox 600 3504 726 3570; x_wconf 88' lang='lat' dir='ltr'>tempus</span> <span class='ocrx_word' id='word_1_241' title='bbox 748 3493 1001 3553; x_wconf 81' lang='lat' dir='ltr'>subterduxerit:</span> <span class='ocrx_word' id='word_1_242' title='bbox 1043 3496 1104 3556; x_wconf 85' lang='lat'>260</span> 
     </span>
    </p>

    <p class='ocr_par' dir='ltr' id='par_1_17' title="bbox 38 3573 1084 3659">
     <span class='ocr_line' id='line_1_35' title="bbox 38 3573 1084 3659; baseline -0.003 -20"><span class='ocrx_word' id='word_1_243' title='bbox 38 3577 223 3654; x_wconf 86' lang='lat' dir='ltr'>Nunquam</span> <span class='ocrx_word' id='word_1_244' title='bbox 244 3575 358 3656; x_wconf 85' lang='lat' dir='ltr'>edepol</span> <span class='ocrx_word' id='word_1_245' title='bbox 378 3574 540 3658; x_wconf 79' lang='lat' dir='ltr'>quadrigis</span> <span class='ocrx_word' id='word_1_246' title='bbox 552 3573 641 3634; x_wconf 83' lang='lat' dir='ltr'>albis</span> <span class='ocrx_word' id='word_1_247' title='bbox 659 3573 828 3658; x_wconf 82' lang='lat' dir='ltr'>indipiscet</span> <span class='ocrx_word' id='word_1_248' title='bbox 849 3589 960 3659; x_wconf 73' lang='lat' dir='ltr'>postea</span> <span class='ocrx_word' id='word_1_249' title='bbox 970 3594 981 3646; x_wconf 79' lang='lat'><em>3</em></span> <span class='ocrx_word' id='word_1_250' title='bbox 1081 3603 1084 3608; x_wconf 89' lang='lat'>·</span> 
     </span>
    </p>
   </div>
   <div class='ocr_carea' id='block_1_5' title="bbox 39 3781 1107 4183">
    <p class='ocr_par' dir='ltr' id='par_1_18' title="bbox 39 3781 1107 4183">
     <span class='ocr_line' id='line_1_36' title="bbox 109 3781 1105 3851; baseline 0.003 -17"><span class='ocrx_word' id='word_1_251' title='bbox 109 3781 168 3848; x_wconf 74' lang='lat'>236.</span> <span class='ocrx_word' id='word_1_252' title='bbox 190 3782 236 3833; x_wconf 85' lang='lat' dir='ltr'>Ita</span> <span class='ocrx_word' id='word_1_253' title='bbox 251 3782 371 3847; x_wconf 76' lang='lat' dir='ltr'>Lamb,</span> <span class='ocrx_word' id='word_1_254' title='bbox 395 3793 430 3836; x_wconf 84' lang='lat' dir='ltr'>ut</span> <span class='ocrx_word' id='word_1_255' title='bbox 451 3781 637 3836; x_wconf 85' lang='lat' dir='ltr'>scribendum</span> <span class='ocrx_word' id='word_1_256' title='bbox 653 3799 713 3834; x_wconf 85' lang='lat' dir='ltr'>esse</span> <span class='ocrx_word' id='word_1_257' title='bbox 729 3799 763 3834; x_wconf 85' lang='lat' dir='ltr'>ex</span> <span class='ocrx_word' id='word_1_258' title='bbox 791 3792 928 3851; x_wconf 82' lang='lat' dir='ltr'>sequente</span> <span class='ocrx_word' id='word_1_259' title='bbox 953 3799 1036 3835; x_wconf 84' lang='lat' dir='ltr'>versu</span> <span class='ocrx_word' id='word_1_260' title='bbox 1059 3783 1105 3837; x_wconf 89' lang='lat' dir='ltr'>in·</span> 
     </span>
     <span class='ocr_line' id='line_1_37' title="bbox 39 3848 1104 3918; baseline 0.002 -15"><span class='ocrx_word' id='word_1_261' title='bbox 39 3848 199 3917; x_wconf 87' lang='lat' dir='ltr'>telligitur.</span> <span class='ocrx_word' id='word_1_262' title='bbox 233 3849 280 3899; x_wconf 78' lang='lat' dir='ltr'>tt:</span> <span class='ocrx_word' id='word_1_263' title='bbox 304 3851 390 3914; x_wconf 83' lang='lat' dir='ltr'>reice,</span> <span class='ocrx_word' id='word_1_264' title='bbox 414 3868 516 3902; x_wconf 82' lang='lat' dir='ltr'>amove.</span> <span class='ocrx_word' id='word_1_265' title='bbox 552 3866 608 3916; x_wconf 74' lang='lat'>242.</span> <span class='ocrx_word' id='word_1_266' title='bbox 627 3867 715 3918; x_wconf 82' lang='lat' dir='ltr'>porro.</span> <span class='ocrx_word' id='word_1_267' title='bbox 750 3848 812 3901; x_wconf 83' lang='lat' dir='ltr'>MS.</span> <span class='ocrx_word' id='word_1_268' title='bbox 836 3850 948 3900; x_wconf 81' lang='lat' dir='ltr'>Canter.</span> <span class='ocrx_word' id='word_1_269' title='bbox 972 3867 1045 3903; x_wconf 86' lang='lat' dir='ltr'>am.</span> <span class='ocrx_word' id='word_1_270' title='bbox 1063 3869 1104 3906; x_wconf 86' lang='lat'>2.:</span> 
     </span>
     <span class='ocr_line' id='line_1_38' title="bbox 61 3913 1106 3983; baseline 0.005 -16"><span class='ocrx_word' id='word_1_271' title='bbox 61 3936 143 3981; x_wconf 54' lang='lat' dir='ltr'>strar</span> <span class='ocrx_word' id='word_1_272' title='bbox 153 3913 200 3966; x_wconf 81' lang='lat' dir='ltr'>vel</span> <span class='ocrx_word' id='word_1_273' title='bbox 218 3914 318 3981; x_wconf 75' lang='lat' dir='ltr'>parrlao</span> <span class='ocrx_word' id='word_1_274' title='bbox 335 3914 430 3983; x_wconf 80' lang='lat' dir='ltr'>(ulula</span> <span class='ocrx_word' id='word_1_275' title='bbox 444 3917 611 3969; x_wconf 86' lang='lat' dir='ltr'>flammeata</span> <span class='ocrx_word' id='word_1_276' title='bbox 628 3917 715 3966; x_wconf 83' lang='lat' dir='ltr'>Conr.</span> <span class='ocrx_word' id='word_1_277' title='bbox 725 3915 865 3977; x_wconf 74' lang='lat' dir='ltr'>Gesneri,</span> <span class='ocrx_word' id='word_1_278' title='bbox 884 3919 955 3969; x_wconf 86' lang='lat' dir='ltr'>strix</span> <span class='ocrx_word' id='word_1_279' title='bbox 971 3917 1106 3972; x_wconf 84' lang='lat' dir='ltr'>flammea</span> 
     </span>
     <span class='ocr_line' id='line_1_39' title="bbox 39 3937 1107 4053; baseline 0.002 -19"><span class='ocrx_word' id='word_1_280' title='bbox 39 3937 129 4034; x_wconf 75' lang='lat' dir='ltr'>Lina.</span> <span class='ocrx_word' id='word_1_281' title='bbox 148 3975 363 4047; x_wconf 66' lang='lat' dir='ltr'>santamente,</span> <span class='ocrx_word' id='word_1_282' title='bbox 387 3999 458 4052; x_wconf 88' lang='lat' dir='ltr'>quae</span> <span class='ocrx_word' id='word_1_283' title='bbox 483 3984 542 4035; x_wconf 88' lang='lat' dir='ltr'>avis</span> <span class='ocrx_word' id='word_1_284' title='bbox 558 3982 753 4050; x_wconf 81' lang='lat' dir='ltr'>inauspicata:</span> <span class='ocrx_word' id='word_1_285' title='bbox 779 3980 833 4033; x_wconf 84' lang='lat' dir='ltr'>vi&#39;d.</span> <span class='ocrx_word' id='word_1_286' title='bbox 850 3983 1048 4053; x_wconf 85' lang='lat' dir='ltr'>Vanderburg.</span> <span class='ocrx_word' id='word_1_287' title='bbox 1072 3987 1107 4036; x_wconf 85' lang='lat' dir='ltr'>ad</span> 
     </span>
     <span class='ocr_line' id='line_1_40' title="bbox 39 4045 1103 4120; baseline 0.003 -18"><span class='ocrx_word' id='word_1_288' title='bbox 39 4051 140 4101; x_wconf 86' lang='lat' dir='ltr'>Horat.</span> <span class='ocrx_word' id='word_1_289' title='bbox 174 4045 399 4116; x_wconf 77' lang='lat' dir='ltr'>Od.3,27,1.)</span> <span class='ocrx_word' id='word_1_290' title='bbox 451 4064 509 4116; x_wconf 77' lang='lat'>243·</span> <span class='ocrx_word' id='word_1_291' title='bbox 540 4063 603 4101; x_wconf 80' lang='lat' dir='ltr'>cert.</span> <span class='ocrx_word' id='word_1_292' title='bbox 620 4064 678 4098; x_wconf 88' lang='lat' dir='ltr'>non</span> <span class='ocrx_word' id='word_1_293' title='bbox 695 4048 839 4115; x_wconf 86' lang='lat' dir='ltr'>liquescit.</span> <span class='ocrx_word' id='word_1_294' title='bbox 890 4064 948 4115; x_wconf 73' lang='lat'>245.</span> <span class='ocrx_word' id='word_1_295' title='bbox 979 4055 1103 4120; x_wconf 74' lang='lat' dir='ltr'>auguria,</span> 
     </span>
     <span class='ocr_line' id='line_1_41' title="bbox 40 4110 825 4183; baseline -0.001 -15"><span class='ocrx_word' id='word_1_296' title='bbox 40 4118 149 4168; x_wconf 88' lang='lat' dir='ltr'>omine.</span> <span class='ocrx_word' id='word_1_297' title='bbox 186 4110 251 4169; x_wconf 78' lang='lat' dir='ltr'>Vid.</span> <span class='ocrx_word' id='word_1_298' title='bbox 270 4112 347 4165; x_wconf 87' lang='lat' dir='ltr'>Clav.</span> <span class='ocrx_word' id='word_1_299' title='bbox 365 4115 424 4167; x_wconf 89' lang='lat' dir='ltr'>Cic.</span> <span class='ocrx_word' id='word_1_300' title='bbox 441 4115 471 4167; x_wconf 88' lang='lat' dir='ltr'>h.</span> <span class='ocrx_word' id='word_1_301' title='bbox 490 4132 514 4168; x_wconf 80' lang='lat' dir='ltr'>r.</span> <span class='ocrx_word' id='word_1_302' title='bbox 564 4130 623 4183; x_wconf 76' lang='lat'>247·</span> <span class='ocrx_word' id='word_1_303' title='bbox 652 4114 825 4167; x_wconf 74' lang='lat' dir='ltr'>Forttlrac.</span> 
     </span>
    </p>
   </div>
   <div class='ocr_carea' id='block_1_6' title="bbox 0 0 1368 4659">
    <p class='ocr_par' dir='ltr' id='par_1_19' title="bbox 0 0 1368 4659">
     <span class='ocr_line' id='line_1_42' title="bbox 0 0 1368 4659; baseline 0 3"><span class='ocrx_word' id='word_1_304' title='bbox 0 0 1368 4659; x_wconf 95' lang='lat' dir='ltr'> </span> 
     </span>
    </p>
   </div>
  </div>
 </body>
</html>
