2725 4659
208 217 282 317 ..s
537 235 595 307 M.
643 235 710 334 s..
737 233 921 308 risun

208 419 253 482 H.
276 416 432 482 Certon’?
453 413 493 480 A.
516 413 606 508 Quin
631 414 735 490 nihil,
758 409 1073 511 inanm,·invenies
1093 405 1198 495 mag'is
1220 407 1282 474 boe

731 511 820 560 certo
841 510 973 561 certius.
1222 513 1282 571 570

208 582 412 645 Philocrates
427 581 493 657 jam
508 580 584 643 inde
599 599 702 662 usque
716 582 838 642 amicus
854 581 918 640 fuit
936 579 1022 642 mihi
1035 598 1056 640 s
1094 598 1173 639 uero
1188 597 1280 657 puer.

208 667 251 727 H.
267 664 330 725 Sed
348 684 412 745 qua
425 665 508 730 facie
518 676 649 725 esttuos
657 664 773 726 sodalis
780 659 1000 744 Philocrates?
1022 663 1060 723 A.
1108 663 1194 720 icam
1203 658 1277 721 tibi:

209 747 390 808 Macilento
408 766 474 818 ore,
491 766 571 807 naso
585 760 692 818 acuto,
712 766 843 827 corpore
860 745 943 814 albo,
965 742 1066 804 oculis
1086 744 1200 824 nigris,

212 828 382 899 Subrufus,
406 830 611 909 aliquantum
628 831 763 909 crispus,
791 830 1006 889 cincinnatus.
1049 826 1091 886 H.
1112 825 1273 887 Convenit.

209 911 249 974 T.
271 911 318 972 Ut
335 910 468 992 quidem
489 910 601 973 hercle
621 912 658 972 in
680 912 829 974 medium
850 930 911 993 ego
924 909 1022 970 bodie
1045 928 1195 990 pessume
1211 927 1275 988 pro-

646 1039 651 1044 ·
734 996 895 1056 cesserim.
1220 1005 1274 1066 575

206 1079 276 1139 Hae
294 1077 361 1138 illis
378 1077 475 1160 uirgis
490 1077 627 1150 miseris,
637 1096 718 1156 quae
726 1078 823 1138 hodie
837 1079 872 1137 in
888 1070 983 1157 tergo
994 1077 1179 1136 morientur
1191 1074 1273 1133 meo!

210 1160 256 1225 H.
277 1160 381 1222 Verba
397 1160 482 1221 mihi
499 1159 572 1219 data
589 1179 655 1220 esse
671 1159 776 1220 video.
799 1159 837 1220 T.
855 1156 941 1239 Quid
956 1159 1097 1234 cessatis,
1112 1156 1274 1235 conpedes,

212 1243 349 1304 Currere
366 1241 407 1302 ad
421 1263 476 1303 me
490 1261 627 1319 meaque
643 1243 800 1320 amplecti
815 1258 920 1308 crura,
940 1255 979 1300 ut
994 1261 1046 1301 vos
1061 1235 1258 1303 custodiant

212 1325 254 1386 H.
277 1325 377 1385 Satin'
392 1325 468 1385 med
489 1324 542 1384 ilii
562 1324 659 1385 hodie
680 1325 807 1386 scelesti
828 1327 913 1403 capti
934 1336 1092 1399 ceperunt
1109 1321 1208 1380 dolo?

211 1407 287 1467 lllio
308 1426 437 1468 servom
457 1425 490 1467 sa
512 1407 739 1479 adsimulabat,
760 1407 814 1472 hic
832 1426 898 1466 sese
919 1419 1031 1465 autem
1040 1405 1208 1477 liberum,
1221 1412 1274 1480 580

212 1490 403 1550 Nuculeum
423 1490 535 1559 amisi3
556 1489 697 1571 reliquit.
711 1493 840 1571 pignori
861 1490 1051 1567 putamina:
1095 1513 1097 1516 ’

212 1571 264 1632 Ita
284 1571 370 1633 mihi
392 1569 507 1631 stolido
530 1589 659 1632 sursum
680 1593 810 1633 vorsum
829 1592 863 1631 os
879 1571 1043 1630 sublevere
1063 1569 1207 1631 obfueris.

217 1653 281 1714 Hic
313 1651 446 1733 quidem
473 1672 528 1714 me
558 1673 705 1735 unquam
732 1654 897 1718 inridebit.
930 1651 1093 1734 Colaphe,
1123 1651 1275 1725 Cordalio,

738 1738 854 1806 Corax,
1165 1737 1217 1802 i.t.

215 1814 266 1880 Ite
281 1816 380 1880 istinc
388 1829 485 1902 atque
499 1818 620 1881 ecferte
634 1819 721 1882 lora!
743 1819 804 1885 Lo.
820 1810 911 1888 Num
927 1818 1088 1906 lignatum
1098 1817 1275 1885 mittimur?

590 1941 934 1986 W
1002 1977 1007 1987 s

241 2035 420 2131 nenio.
462 2025 758 2144 runnruu's.
802 2031 1251 2132 snrsropnonrrs.

215 2199 259 2263 H.
281 2201 400 2265 Inicite
422 2182 657 2269 huic'manieas
673 2198 876 2285 mastigieet'
901 2199 940 2269 T.
969 2202 1057 2284 Quid
1079 2205 1191 2345 neffoti
1213 2202 1276 2264 est?

739 2285 825 2367 Quid
840 2305 900 2369 ego
926 2277 1180 2365 'as.5i.h.ll,5
1220 2296 1278 2363 585

215 2365 370 2448 Deliqui?
412 2366 454 2428 H.
477 2370 620 2451 Rogitas,
1149 2368 1219 2432 ib.

220 2446 311 2511 Sator
331 2464 496 2529 sartorque
517 2452 676 2514 scelerum
697 2464 731 2511 et
751 2470 873 2512 messor
892 2453 1069 2515 maxume?
1152 2451 1176 2532 i.
1192 2472 1215 2517 s.

218 2529 258 2594 T.
281 2532 356 2591 Non
377 2544 554 2592 occatorem
575 2534 681 2598 dicere
701 2533 840 2594 audebas
862 2534 981 2613 prius?-

218 2612 307 2676 Nam
328 2633 456 2693 semper
476 2629 588 2676 occant
608 2616 732 2689 rustici,
755 2635 852 2696 quam
872 2618 1025 2686 sarriunt,

218 2694 324 2757 Prius.
367 2697 409 2758 H.
432 2695 476 2755 At
497 2710 533 2756 ut
555 2696 756 2758 confidenter
776 2699 860 2761 mihi
881 2713 992 2760 contra
1006 2698 1142 2763 adstitit!
1225 2714 1281 2779 590

220 2775 260 2840 T.
283 2778 385 2844 Decet
406 2780 615 2843 innocentem
633 2798 755 2845 servom
774 2795 870 2862 atque
891 2783 1066 2846 innoxium

221 2938 751 3079 ...eisitd‘tslii'iiatitt..
765 2937 1282 3081 diffiditis?,tttf‘tsailtif}

224 3069 361 3135 Subrujns
380 3072 563 3138 aliquantum,
582 3071 843 3139 crispus.l·1eltnst.‚
856 3081 888 3123 ut
901 3073 974 3124 olim
986 3074 1143 3141 Langranit
1159 3076 1284 3144 aliquan·

141 3145 143 3152 ·
221 3137 316 3208 tulum.
343 3201 348 3213 ¹
368 3144 426 3202 58¹·
449 3136 496 3189 Sic
519 3149 575 3190 vet.
601 3139 663 3192 cod.
689 3140 802 3192 Camcr.
824 3138 907 3209 Lang
932 3147 935 3152 ’
959 3140 1062 3192 Palett.
1079 3141 1130 3192 V.:
1148 3141 1283 3192 Nneleum

221 3202 395 3320 flii-31¹¹*
419 3204 538 3273 Argent.
562 3222 587 3260 a.
608 3220 693 3273 1514„
717 3207 796 3258 Junt.
812 3205 878 3259 ald.
903 3154 1014 3279 gryph.
1032 3214 1077 3273 et,
1100 3223 1177 3281 quae
1191 3215 1283 3279 postet

235 3284 319 3321 ucem
336 3268 481 3336 viderunt,
499 3271 563 3324 edd.
580 3272 643 3326 fere
659 3288 773 3328 omnes:
1037 3314 1043 3338 .
1168 3277 1173 3286 '

343 3338 379 3387 H.
398 3340 510 3390 Iniict'ts
528 3340 592 3396 huic
612 3352 735 3391 actutum
752 3340 878 3390 manicas
894 3340 1061 3406 mastigiae!
1114 3387 1119 3392 .

269 3415 271 3419 “
347 3404 382 3455 Τ.
407 3405 481 3472 Quid
498 3406 549 3457 hoc
567 3420 608 3457 cst
624 3407 754 3485 negotii?
772 3407 836 3473 quid
851 3419 901 3472 ego
915 3406 1043 3473 deliqui?
1074 3407 1250 3476 H.Rogas?

221 3470 330 3525 Fecere
347 3470 467 3539 quidam
482 3473 571 3542 metri
590 3481 699 3541 gratia:
719 3474 744 3522 Ι.
764 3483 868 3528 acam.
881 3473 908 3529 Ιι,
927 3475 1031 3529 misse?
1046 3472 1147 3540 Metti,
1162 3477 1281 3546 inquam,

222 3538 351 3589 consueti
366 3539 557 3600 iambicorum
575 3540 764 3593 senariorum.
782 3540 890 3590 Verum
907 3539 1053 3591 enimvero
1071 3553 1195 3593 acturum
1211 3542 1285 3593 abest

223 3619 241 3656 a
253 3604 415 3670 veteribus3
429 3605 531 3660 deinde
539 3607 589 3656 boc
598 3605 772 3677 nonlegitur
778 3604 940 3670 inBLeid.,
948 3611 1014 3662 etin
1021 3609 1104 3657 A.est
1111 3612 1217 3675 rogitas
1222 3628 1232 3670 ,·
1244 3623 1283 3662 rs·

224 3679 271 3720 cte
288 3671 422 3739 quidem,
440 3674 463 3723 si
481 3669 554 3741 quid
571 3673 672 3738 sentio,
687 3681 721 3722 ut
737 3672 837 3723 locum
853 3671 902 3724 hic
920 3672 1024 3725 lrabeat
1041 3673 1197 3727 vehemens
1214 3670 1283 3728 illud

223 3738 311 3787 metri
329 3754 428 3805 genus,
449 3738 526 3807 quod
539 3756 589 3790 nos
602 3739 770 3807 agnovimus
784 3739 873 3789 etiem
886 3738 1215 3809 Epid.318.etRud.349.
1276 3773 1283 3787 .

222 3803 313 3864 Cujus
326 3803 456 3857 clausula
468 3814 510 3856 est
521 3822 621 3865 versus
632 3804 689 3871 586.
711 3806 847 3860 Ceterum
861 3804 956 3857 Guelf.
970 3805 1058 3857 codex
1065 3806 1147 3858 Cam.
1161 3810 1220 3861 eti?
1275 3819 1283 3860 t

223 3869 338 3925 Inicite.
371 3880 429 3936 588·
446 3871 527 3928 MSS.
550 3874 670 3939 Langg,
689 3873 790 3935 nostri,
804 3869 906 3926 Leidd.
924 3873 960 3937 A,
976 3872 1009 3937 C,
1026 3873 1104 3923 voss.
1121 3873 1156 3940 B,
1173 3882 1205 3926 et
1221 3877 1282 3926 rect.

223 3932 302 3990 edd:
314 3937 447 3992 debebas.
498 3946 557 4004 589.
582 3954 659 4007 sequ.
677 3939 873 4007 Hyperbatcn.
889 3940 997 4007 Vulgo,
1014 3942 1160 4012 conuptis
1172 3940 1283 3997 metat

345 4004 421 4124 ffel}
437 4022 543 4076 semper
559 4011 748 4078 accusatorius
765 4022 846 4083 verim
857 4007 979 4062 sarriens
995 4008 1093 4061 rustici

374 4106 382 4123 .
423 4083 480 4126 tut
497 4079 551 4130 etc.
