2725 4659
237 223 324 316 ,15⁶
584 207 642 288 M:
690 222 732 292 A.
783 219 966 289 PLAUTI
1150 171 1154 178 ’

255 402 397 462 Tenaces
418 399 557 472 nimium
576 396 723 458 dominos
743 408 850 458 nostra
872 409 957 457 aetas
977 395 1066 470 tulit,

255 484 346 561 Quos
364 483 581 562 Harpagones,
602 480 758 561 Harpyias
786 494 818 540 et
838 479 988 540 Tantalos
1106 549 1110 564 ,

253 568 374 633 Vocare
396 565 493 632 soleo,
514 563 552 621 in
572 562 683 642 opibus
704 564 828 644 magnis
850 580 1016 641 pauperes,

253 648 297 709 Et
319 643 496 708 sitibundos
517 647 553 703 in
573 644 683 704 medio
705 644 825 705 Oceani
846 644 984 726 gurgite.

253 729 372 794 Nullae
392 727 458 788 illis
479 739 553 788 sunt
574 728 648 787 satis
668 724 809 796 divitiae,
830 744 897 785 non
916 724 1040 797 Midae,

254 814 330 874 Non
350 810 482 888 Croesi3
503 812 570 868 non
590 809 697 869 omnir
715 811 886 871 Persarum
907 809 998 886 copia

255 893 394 974 Explere
414 892 548 952 illorum
568 891 756 952 Tartaream
774 890 949 973 ingluviem
957 901 1071 971 potest,

253 974 369 1056 Inique
391 974 514 1034 domini
533 976 631 1034 servis
650 986 788 1057 utuntur
807 974 892 1048 suis,¹

253 1056 297 1118 Et
316 1059 401 1118 servi
421 1057 531 1138 inique
553 1055 692 1117 dominis
713 1075 800 1116 nunc
820 1070 933 1137 parent
953 1053 1037 1113 suis:

254 1141 306 1201 Sic
327 1140 480 1201 neutrubi
500 1137 550 1210 fit,
571 1137 644 1200 fieri
666 1139 751 1215 quod
771 1139 892 1214 justum
912 1137 1006 1197 foret.
1107 1161 1110 1168 ¹

253 1225 391 1295 Panum,
413 1223 557 1303 popinas,
578 1219 674 1279 cellas
695 1222 930 1301 promptuarias
1126 1225 1132 1234 '

255 1304 442 1365 Occludunt
462 1304 553 1363 mille
575 1301 715 1363 clavibus
736 1305 826 1382 parci
846 1317 946 1372 senes,

256 1387 344 1465 Quae
367 1389 422 1444 vix
442 1386 598 1465 legitimis
615 1388 698 1446 natis
719 1385 854 1448 concedi
875 1384 999 1448 volunt

217 1529 220 1546 ¹
256 1468 346 1528 Servi
366 1468 501 1537 furaces,
524 1461 719 1545 versipelles,
738 1468 857 1538 callidi,
923 1473 925 1482 '
1007 1479 1009 1482 ’

256 1550 393 1612 Occlusa
414 1550 503 1612 mille
518 1549 662 1612 'clavibus
683 1564 824 1612 reserant
844 1550 914 1622 sibi,

257 1633 450 1711 Furtimque
471 1643 609 1712 raptant,
630 1646 835 1704 consumunt,
855 1630 1040 1714 ligurriunt,

257 1712 402 1774 Centena
422 1733 590 1795 nunquam
610 1715 699 1775 furta
719 1715 835 1775 dicturi
855 1731 959 1774 cruca.

256 1793 308 1855 Sic
329 1799 516 1857 servitutem
539 1798 623 1858 servi
650 1798 848 1878 ulciscuntur
867 1794 947 1856 mali

254 1881 336 1941 Risu
356 1880 504 1958 jocisque.
547 1879 598 1940 Sic
619 1901 694 1960 ergo
715 1878 882 1953 concludo,
903 1876 988 1957 quod

255 1958 363 2020 Servos
383 1962 494 2025 fideles
514 1963 688 2023 liberalitas
707 1964 793 2023 facit.
1269 1970 1301 2033 45
1339 2035 1340 2040 η

254 2041 314 2106 Lr.
336 2044 436 2104 Recte
458 2044 586 2123 quidem
606 2046 659 2104 tu!
682 2043 738 2105 sed
758 2064 826 2106 non
845 2044 965 2122 paucis,
985 2052 1023 2102 ut
1044 2035 1136 2103 mihi'v

245 2123 433 2188 Pollicitus.
476 2123 597 2188 Verum
621 2127 646 2186 si
667 2141 700 2187 te
719 2127 803 2188 facio
823 2126 980 2185 liberum:
1287 2193 1290 2200 ,

245 2205 391 2290 Resides,
414 2205 498 2290 quod
518 2207 635 2291 cupio?
665 2209 741 2270 Suu,
757 2207 921 2277 Reddam3
943 2207 996 2267 s'ed
1016 2219 1113 2268 testes
1134 2205 1208 2282 volo
1231 2225 1234 2232 ·

255 2287 380 2354 Adsint.
422 2292 580 2371 Ignoscas,
601 2290 694 2351 here:
718 2301 835 2370 parum
855 2288 949 2349 credo
970 2291 1056 2351 tibi.⁴
1209 2304 1213 2312 ·

255 2373 315 2432 Lr.
337 2375 383 2434 Ut
403 2373 511 2443 lubet,
534 2373 639 2435 adsint
657 2372 708 2432 vol
729 2383 883 2450 centum}
898 2370 964 2452 jam
984 2373 1074 2452 nihil
1084 2367 1209 2431 moror.
1265 2385 1300 2445 50

247 2449 331 2513 qdra.
355 2456 540 2538 Megadoro,
563 2469 595 2516 et
615 2452 662 2526 t‘u,
685 2454 860 2524 Eunomia,
883 2454 999 2534 adeste,
1009 2469 1143 2534 precor,
1158 2453 1194 2513 ‘si
1212 2443 1298 2530 libet!

257 2535 372 2596 Exite!
396 2537 539 2616 perfecta
558 2558 593 2597 re
614 2545 693 2598 r'nox
714 2537 866 2598 redibitis:
922 2609 925 2618 Ὺ
988 2552 1029 2612 [j
1109 2555 1111 2560 ·
1150 2613 1151 2616 Ἴ
1200 2570 1203 2575 ·

258 2613 327 2679 Ma.
351 2620 415 2700 Qui
435 2637 496 2680 nos
516 2620 634 2680 vocat?
654 2619 749 2693 hem,
769 2611 942 2761 Lycgnide.
984 2615 1044 2681 En.
1061 2616 1298 2700 Heantrobilo

316 2719 319 2728 ’
796 2705 829 2760 ui
872 2701 990 2761 est?'

245 2779 454 2868 ULoquirnini.
494 2783 554 2846 Lr.
576 2782 633 2845 Est
654 2783 747 2847 breve
770 2722 873 2865 ((1111111.1
899 2780 968 2844 Ma.
998 2782 1084 2861 Quid
1103 2782 1138 2845 id
1161 2782 1245 2841 est?

245 2885 249 2896 ·
599 2867 630 2944 ’ν
849 2863 924 2929 San.
947 2867 1007 2924 Vos
1028 2878 1124 2925 testes
1143 2882 1231 2924 voco.
1268 2878 1301 2939 55

258 2941 291 3001 Si
312 2945 539 3023 quadrilibrem
558 2948 665 3010 aulam
687 2949 757 3010 auri
776 2947 909 3030 plenam
929 2947 993 3008 huc
1013 2946 1126 3007 adfero
1282 2959 1284 2962 ·

257 3024 300 3084 Et
321 3027 413 3089 trado
432 3029 632 3111 Lyconidae:
654 3030 835 3114 Lyconides
856 3025 956 3089 manu
1149 3027 1151 3032 ⁴

258 3104 377 3183 Mittit,
397 3111 649 3192 jubetque·]'uris
670 3133 735 3174 esse
756 3132 809 3173 me
830 3115 907 3172 mei.
941 3178 944 3184 ἵ

258 3188 343 3249 Itan'
359 3196 520 3273 spondes?
549 3196 610 3258 Lr.
634 3196 790 3275 Spondeo.
834 3189 909 3254 Sra.
931 3194 1046 3255 Janme
1062 3193 1225 3254 audivistis
1238 3191 1300 3260 hoc,

260 3271 355 3349 Quod
375 3275 480 3345 dixit?
514 3278 583 3341 Ma.
604 3271 806 3339 Audivimus.
829 3274 903 3336 Sru.
918 3274 1015 3337 Enim
1029 3276 1101 3353 jura
1119 3293 1178 3357 par
1195 3276 1300 3336 lovem.

257 3355 316 3421 Lr,
338 3356 436 3434 Hom,
458 3382 519 3439 quo
540 3353 688 3423 redactus
709 3358 815 3418 alieno
836 3377 896 3439 ego
916 3358 981 3433 'jam
1002 3378 1077 3419 sum
1094 3358 1200 3419 malo!
1269 3359 1301 3420 60

256 3439 362 3499 Nimis
383 3462 501 3521 procax
522 3463 564 3507 es.
587 3441 685 3521 Quod
704 3441 804 3518 jubet,
823 3441 943 3502 faciam
962 3455 1083 3504 tamen.

258 3520 333 3580 Srn.
357 3522 447 3586 Heus
466 3537 512 3596 tu,
532 3536 639 3587 nostra
658 3537 742 3583 aetas
763 3523 840 3583 fidei
860 3544 924 3582 non
946 3523 1089 3584 multum
1109 3523 1213 3610 gerit:

257 3600 401 3663 Tabulae
422 3620 586 3675 notantur,
614 3605 731 3668 adsunt
750 3619 845 3665 testes
866 3606 1052 3683 duodecim3

256 3682 399 3766 Tempus
419 3687 588 3769 locumque
610 3690 719 3750 scribit
739 3690 911 3748 actuarius:

257 3764 391 3830 Tamen·
402 3771 567 3833 invenitur
587 3772 707 3847 rhetor,
730 3772 786 3854 qui
805 3770 929 3832 factum
953 3785 1062 3854 neget.
1270 3771 1302 3846 65

255 2697 261 2708 1

245 2720 282 2731 ιιι

320 3977 435 4049 *61.Ed.
454 3996 568 4054 Gelon-s
596 4000 752 4070 Quidlubet.
