2725 4659
239 299 287 372 30
583 271 639 344 Μ.
694 275 738 342 s.
789 268 973 346 scauri

235 454 301 512 Ant
319 447 426 512 mola·
438 450 522 513 salsa
540 449 650 521 hodie,
673 465 730 512 aut
744 452 870 524 thure,
898 466 1125 534 conprecatam
1145 457 1296 535 oportuit.

235 537 295 595 Δι’.
319 534 383 594 Vae
404 536 505 620 capiti
524 538 596 594 tuo!
640 533 694 594 So.
716 534 788 595 Tua
808 539 890 598 istuc
911 539 1009 600 refert
1031 541 1057 597 si
1078 540 1249 602 curaveris.

228 621 296 679 Ab.
324 617 450 678 Iterum
475 618 541 693 jam
561 616 617 678 hic
643 617 683 677 in
703 638 758 679 me
778 620 993 682 inclementer
1013 620 1110 692 dicit,
1139 634 1235 701 atque
1263 623 1298 681 id

214 747 217 760 .
568 715 572 720 ·
756 704 825 762 sine
846 705 943 767 malo.
1237 724 1298 780 59⁰

235 788 301 847 Au.
324 784 411 846 Tace
431 787 486 846 tu!
516 809 559 822 -
586 782 637 844 Tu
660 782 731 844 dic:
754 804 857 866 egone
879 787 988 847 abste
1009 784 1078 847 abii
1106 786 1183 847 hinc
1204 786 1298 847 hodie

752 885 832 929 curn
853 869 1019 928 diluculo?

234 954 292 1013 nn
331 945 415 1028 Quis
441 950 563 1030 igitur,
594 949 658 1010 nisi
687 969 760 1020 vos,
794 951 937 1010 narravit
962 952 1027 1016 mi,
1055 952 1107 1012 illi
1135 965 1172 1013 ut
1198 952 1297 1014 fuerit

753 1032 936 1110 proelium?

232 1125 301 1183 Au.
322 1119 374 1177 An
390 1117 490 1177 etiam
509 1116 545 1176 id
565 1128 602 1175 tu
616 1115 697 1174 scis?
739 1118 800 1172 An·
824 1112 952 1190 Quippe
966 1131 1047 1190 quae
1068 1135 1110 1177 ex
1130 1130 1162 1178 te
1178 1118 1296 1190 audivi,

750 1205 788 1251 ut
808 1193 923 1252 urbem
941 1211 1129 1259 maxumam
1151 1202 1173 1261 i.
1196 1213 1219 1261 t.

233 1282 512 1364 Expugnarisses,
533 1294 706 1352 regemque
726 1274 887 1333 Pterelam
909 1286 978 1334 tute
1000 1280 1160 1342 occideris.

233 1373 301 1428 Au.
321 1366 434 1445 Egone
454 1364 540 1421 istuc
566 1356 658 1416 diri?
701 1360 770 1496 Aah
790 1355 994 1498 Tristgistic,
1021 1361 1120 1421 etiam
1149 1364 1296 1425 adstante

226 1479 233 1510 ,
772 1456 809 1498 oc
872 1458 926 1504 sra.
1280 1509 1282 1512 v

232 1533 300 1591 Au.
322 1522 513 1585 Audivistin’
536 1531 574 1579 tu
593 1537 647 1580 me
668 1538 798 1582 narrare
827 1521 1028 1584 huchodie?
1069 1523 1122 1589 80.
1144 1524 1211 1586 Ubi
1230 1465 1298 1611 {gd

750 1602 952 1665 audiverim?

232 1694 326 1754 Hanc
345 1705 439 1770 roga:
468 1706 523 1748 me
551 1682 683 1764 quidem
703 1699 870 1766 praesente
900 1707 1068 1767 nunquam
1088 1690 1216 1751 facturn
1236 1705 1296 1765 est,

228 1786 232 1794 ·
410 1839 416 1852 ο
749 1769 834 1848 qnod
855 1771 963 1831 sciam.

231 1861 292 1922 An,
312 1855 449 1925 Mirum,
471 1852 549 1933 quin
568 1862 603 1911 te
629 1851 779 1912 advorsus
800 1852 893 1914 dicat.
936 1857 1003 1919 An.
1026 1853 1124 1927 Sosia,
1147 1876 1217 1939 age,
1239 1877 1296 1918 me

749 1935 813 1993 huc
835 1935 970 2015 adspice.

234 2023 288 2086 So.
310 2021 436 2101 Specto.
479 2022 544 2079 Ars.
565 2018 647 2078 Vera
663 2016 737 2077 volo
754 2018 839 2094 loqui
860 2030 904 2088 te,
926 2018 1003 2078 nolo
1017 2020 1178 2082 adsentari
1192 2022 1292 2083 mihi:

232 2104 424 2169 naffivum’
452 2116 491 2164 tu
516 2095 614 2163 hodie'
641 2121 696 2162 me
721 2099 772 2160 illi
792 2099 896 2162 dicere
918 2119 973 2172 ea,
1006 2121 1087 2180 quae
1113 2103 1173 2164 illa
1198 2118 1292 2165 autn-

748 2183 836 2242 mat?
1228 2189 1291 2249 60⁰
1354 2237 1355 2242 ,

229 2274 285 2337 So.
308 2271 436 2350 Quaeso
456 2267 582 2348 edepol,
603 2284 687 2327 num
707 2278 744 2325 tu
765 2282 891 2346 quoque
913 2265 1173 2344 etiam'insanis,
1195 2290 1293 2349 quom
1354 2293 1355 2296 ¹

253 2419 256 2426 ἴ
468 2385 470 2388 -
643 2341 651 2358 ’
746 2348 779 2408 id
799 2367 853 2407 me
873 2350 1062 2431 interrogas,

232 2438 299 2517 Qui
318 2438 415 2515 ipsus
427 2433 579 2515 equidem
600 2451 690 2493 nunc
708 2432 866 2572 prirnusp⁹
877 2432 981 2493 istanc
1000 2446 1109 2496 tecum
1130 2435 1294 2515 conspicio

334 2557 337 2562 -
429 2553 432 2558 ,
747 2533 858 2574 simu.

231 2607 298 2663 An.
322 2597 413 2677 Quid
431 2615 540 2670 nunc,
570 2598 716 2657 mulier?
738 2597 847 2655 audin'
868 2596 991 2655 illum?
1033 2602 1094 2661 Ar.
1115 2599 1185 2682 Ego
1205 2618 1293 2675 vero,
1353 2603 1354 2618 ¹

748 2697 784 2737 ac
804 2676 924 2738 falsum
944 2679 1059 2740 dicere,

229 2769 297 2828 Au.
319 2764 435 2842 Neque
463 2772 500 2820 tu
520 2759 592 2830 illi,
622 2773 729 2840 neque
757 2759 860 2830 mihi,
891 2762 979 2832 viro,
1007 2764 1069 2840 ipsi
1088 2761 1214 2824 credis?
1296 2827 1298 2830 ,

803 2843 863 2904 Aa.
884 2842 931 2902 Eo
952 2843 1009 2912 fit,
1032 2846 1108 2925 quia
1127 2846 1211 2905 mihi

228 2928 418 2994 Plurimum
439 2924 534 2984 credo
555 2935 589 2984 et
609 2926 692 3002 scio,
720 2925 816 2984 istaec
836 2925 922 2986 facta
942 2928 1099 3005 proinde,
1129 2941 1167 2988 ut
1187 2928 1292 3008 prolo-

746 3026 834 3085 quor.
1228 3012 1291 3086 605

228 3096 296 3160 Ars,
324 3092 411 3152 Tun'
439 3110 494 3152 me
513 3087 586 3151 heri
607 3090 768 3153 advenisse
788 3089 891 3151 dicis?
933 3090 991 3151 Aa.
1013 3089 1098 3151 Tun’
1127 3104 1160 3152 te
1190 3091 1293 3154 abisse

744 3172 840 3233 hodie
860 3173 936 3232 hinc
956 3176 1078 3255 negas?

228 3263 298 3326 Au,
319 3258 413 3339 Nego
435 3259 622 3329 enimvero,
659 3267 692 3316 et
720 3275 773 3316 mo
793 3256 945 3318 advenire
965 3275 1055 3316 nunc
1074 3258 1223 3337 primum
1241 3257 1293 3334 ajo

392 3355 393 3360 ’
676 3338 679 3343 ’
746 3337 785 3399 ad
805 3350 837 3398 te
858 3338 1001 3398 domum.

227 3430 288 3490 Aa.
311 3424 468 3495 Obsecro,
497 3423 639 3483 etiamne
668 3421 729 3482 hoc
758 3421 912 3501 negabis,
939 3434 973 3481 te
993 3440 1127 3482 auream
1146 3434 1293 3503 pateram
1350 3451 1351 3456 1

744 3504 830 3563 mihi

228 3591 360 3654 Dedisse
375 3589 459 3649 dono
472 3587 579 3664 hodie,
601 3606 661 3669 qua
683 3600 715 3648 te
737 3588 807 3647 illic
822 3587 979 3648 donatum
1000 3607 1066 3649 esse
1081 3587 1209 3657 dixeras
1222 3587 1245 3649 i.
1267 3599 1290 3647 t.
1350 3587 1351 3604 ²

229 3677 295 3738 Au.
317 3673 431 3755 Neque
454 3671 568 3751 edepol
590 3671 673 3746 dedi,
695 3689 801 3811 neque
821 3668 891 3730 dixi
898 3691 907 3742 3
929 3690 1043 3732 verum
1063 3673 1110 3730 ita
1129 3672 1292 3732 animatus

294 3779 299 3790 ·
760 3754 804 3825 ui,
1025 3767 1049 3815 t.
1070 3766 1094 3814 t.
1116 3771 1144 3817 0.
1227 3754 1293 3814 tiso

295 3976 354 4032 597.
371 3962 465 4017 Verba
488 3963 561 4015 buno
584 3980 652 4030 roga
674 3959 763 4032 vulgo
784 3952 993 4040 'Amphitruoni
1015 3958 1174 4040 tribuatur.
1231 3956 1292 4027 605.

228 4030 275 4087 Ittt
289 4029 390 4083 Guett.
407 4030 565 4086 Halmttad.
582 4029 643 4083 Pal.
660 4046 686 4098 3.
703 4033 751 4083 Va
776 4029 853 4099 Qum
867 4048 954 4114 ntiae,
972 4029 1085 4094 multer,
1103 4046 1129 4080 a,
1148 4027 1254 4082 illum?
