2725 4659
215 253 289 334 ⁹⁶4
539 237 596 309 aa
643 237 688 307 a.
735 236 919 306 resurr

211 423 290 486 Non
308 418 403 480 lieet:
429 413 564 497 perdam
584 433 715 495 operam
733 417 851 498 potios,
865 435 964 495 quam
981 413 1099 476 carebo
1121 413 1204 478 filia.

212 503 277 567 Sed
297 504 367 582 quis
387 500 442 563 hic
466 510 524 568 est,
552 499 608 576 qui
626 512 716 559 recta
738 499 845 624 platep
864 518 995 558 cursum
1017 500 1086 560 hnc
1107 496 1282 560 contendit

212 669 257 736 Et
281 665 368 730 illud
393 683 492 746 paveo
512 674 546 726 et
571 661 632 725 hoc
652 601 882 725 formsilddldita
903 673 971 723 tota
997 681 1074 727 sum
1094 663 1219 759 misera
1242 663 1277 723 in

726 759 829 809 metu.
1157 757 1218 807 at.

476 956 1002 1025 LAMPADISCUS.

210 1082 322 1143 Anum
341 1088 478 1153 recinas
499 1095 573 1136 snm
593 1074 734 1136 clamore
753 1096 812 1157 per
831 1079 913 1154 vias3
1018 1073 1170 1148 i.s.H,a.
1215 1075 1272 1153 265

212 1160 441 1224 Misenumam
455 1156 579 1223 ‚habuii
600 1158 642 1218 Vt
662 1157 757 1220 illaec
775 1158 871 1220 hodie
893 1170 969 1236 quot
991 1157 1095 1220 modis

212 1243 282 1306 Sibi
304 1243 501 1305 moderatrix
525 1241 590 1302 fuit
609 1251 707 1317 atque
726 1240 998 1306 inmemorabilis!

215 1327 303 1404 Quot
324 1326 376 1386 illi
396 1323 578 1393 blanditias,
599 1322 676 1401 quid
697 1323 749 1383 illi
767 1325 898 1405 promisi
917 1325 1017 1385 boni!

214 1411 303 1488 Quot
322 1406 507 1467 admoenivi
526 1404 672 1475 fabricas,
694 1419 772 1484 quot
791 1407 945 1478 fallacias,

210 1490 252 1551 In
273 1487 471 1569 quaestione!
494 1487 557 1553 Vix
578 1488 738 1568 exsculpsi
757 1502 795 1549 ut
815 1490 948 1561 diceret,

214 1571 300 1653 Quia
320 1571 353 1630 ei
371 1569 503 1650 promisi
522 1569 647 1633 dolium
669 1572 738 1631 vini
759 1570 842 1634 dare.

277 1783 576 1850 PHANOSRATA.
616 1780 925 1849 LAMPADISCUS.
965 1784 1202 1851 MELAENIS.

208 1908 270 1970 Pa.
290 1903 413 1965 Audire
429 1919 541 1962 vocem
556 1901 624 1961 visa
644 1918 717 1960 sum
730 1912 806 1960 ante
824 1902 910 1962 aedis
925 1903 1020 1962 modo
1062 1906 1116 1968 io
1134 1902 1211 1985 11,5

209 1986 282 2048 Mei
300 1983 502 2064 Lampadisci
528 1986 617 2046 servi.
660 1984 719 2044 La,
742 1984 818 2043 Non
835 1984 931 2044 surda
946 2006 989 2057 es,
1011 1985 1106 2048 hera:

209 2070 309 2143 Recto
330 2068 490 2133 audivisti.
519 2066 579 2133 Pu.
598 2064 685 2145 Quid
699 2067 768 2146 agis
783 2064 860 2126 hic?
887 2066 946 2129 Ls.
969 2069 1065 2150 Quod
1080 2070 1230 2151 gaudeas.

209 2154 269 2215 Par.
289 2150 377 2230 Quid
385 2150 418 2213 id
435 2151 504 2211 est?
525 2147 680 2208 Ls.Hinc
698 2165 739 2207 ex
752 2147 837 2208 hisce
850 2148 980 2211 aedibus
992 2152 1087 2230 paulo
1101 2154 1190 2234 prius
1210 2168 1268 2233 275

209 2235 284 2295 Vidi
303 2244 480 2295 exeuntem
493 2229 666 2291 mulierem
681 2272 688 2287 .
702 2275 712 2292 .
728 2276 737 2293 .
776 2233 835 2292 Pa.
850 2230 957 2306 Illam,
975 2253 1037 2314 que
1052 2254 1162 2296 meam

211 2316 354 2380 Gnatam
374 2313 568 2377 sustulerat?
595 2314 656 2377 Ls.
676 2315 761 2374 Rem
773 2325 875 2373 tenes.
905 2316 965 2377 Pa
989 2317 1078 2395 Quid
1094 2321 1231 2398 postea?

192 2398 271 2458 'Lm
292 2398 375 2458 Dico
395 2398 437 2467 ei,
459 2415 520 2474 quo
541 2395 655 2474 pactod
670 2413 744 2456 eam
761 2395 802 2455 ab
822 2395 1033 2478 hippodromo
1052 2398 1191 2462 viderim
1242 2408 1245 2415 '

210 2482 356 2543 Herilem
375 2491 516 2539 nostram
535 2477 640 2548 liliam
661 2478 837 2540 sustollere.

210 2563 384 2625 Extimuit.
406 2558 475 2621 Mn.
497 2559 588 2620 Male
605 2560 705 2621 etiam
720 2559 831 2622 horret
842 2578 968 2641 corpus,
985 2582 1040 2624 cor
1053 2564 1145 2627 salit:
1208 2578 1269 2641 aaa

211 2646 300 2708 Nam
315 2643 400 2705 mihi
414 2643 454 2701 ab
469 2642 679 2722 hippodromo
693 2645 831 2703 memini
851 2644 971 2706 adferri
990 2648 1154 2727 parvolam

211 2727 372 2799 Puellam,
394 2742 528 2803 eamque
547 2730 609 2783 me
622 2723 705 2784 mihi
725 2744 914 2806 supponere.

211 2813 272 2875 Prr.
295 2810 373 2890 Age,
394 2828 502 2888 perge,
523 2825 639 2887 quaeso
659 2820 709 2867 te:
730 2810 857 2870 animus
877 2810 989 2872 audire
1006 2816 1141 2891 expetit,

212 2882 262 2952 Ut
282 2902 440 2973 gestares
462 2893 512 2950 sit.
547 2887 617 2948 Mn.
639 2888 776 2951 Utinam
800 2892 910 2951 audire
932 2912 1000 2954 non
1014 2895 1128 2975 queas!

211 2973 272 3036 La.
293 2974 398 3056 Pergo
418 2971 511 3033 illam
531 2971 710 3055 subegitare
730 2970 867 3048 blandis,
889 2976 1051 3038 benedicis
1210 2993 1271 3067 235

280 3120 337 3188 263.
356 3119 403 3172 Sic
418 3120 480 3173 fere
497 3128 566 3172 vett.
584 3122 632 3173 V.:
649 3120 718 3176 bic..
754 3120 811 3190 269.
827 3123 874 3178 V.:
886 3124 1048 3190 fallacias!
1064 3129 1101 3177 In
1113 3132 1273 3196 quassum

213 3189 260 3241 oin
282 3205 354 3238 erse.
379 3196 435 3246 etc.
467 3187 543 3238 Junt.
568 3188 649 3238 ΛΜΗ·
673 3189 716 3237 Io
734 3190 861 3255 quaest?
911 3200 968 3251 280.
992 3195 1039 3244 V.:
1062 3195 1114 3247 Pa
1138 3196 1269 3251 Extimun

211 3270 269 3308 tum
285 3255 362 3307 r'lta?
383 3253 447 3305 Mn.
463 3253 554 3304 horret
569 3261 621 3304 etc.
640 3253 721 3305 Libri
740 3252 877 3332 plurimit
899 3259 951 3307 'um
966 3259 1065 3317 horret.
1083 3261 1199 3316 Guells
1210 3268 1269 3335 jon

211 3323 285 3375 mate
301 3321 373 3371 horr.
424 3326 480 3386 285.
497 3320 541 3369 lta
557 3319 655 3371 Guelf.
674 3319 754 3371 Alibi
770 3334 796 3371 ts
812 3337 870 3373 non
886 3275 1005 3392 degitur.
1056 3335 1116 3395 285,
1131 3344 1209 3402 seqq.
1226 3324 1278 3399 V.,'

211 3387 371 3443 secundum
381 3385 554 3439 assuetiores
570 3382 675 3441 librost
834 3412 837 3446 2

331 3455 382 3506 La.
405 3453 438 3503 P.
456 3452 509 3503 itta
526 3453 540 3485 *
557 3452 573 3485 *
589 3453 688 3504 dictis:
714 3453 799 3506 illaec
815 3460 842 3507 to
859 3472 930 3507 anus

333 3521 417 3572 Fortu
433 3519 449 3553 *
465 3519 512 3554 tt
535 3534 612 3570 seros
628 3534 716 3573 vocat.

162 3616 164 3620 v
334 3587 410 3639 Nom
433 3586 589 3638 illosceto.
620 3642 624 3647 ‚

210 3654 266 3708 Sed
280 3656 359 3708 dunt.
376 3652 456 3706 Ala:

332 3723 384 3773 La.
401 3721 490 3787 Pergo
507 3721 566 3788 itio,
585 3721 710 3787 satagito
728 3721 882 3775 blanditer
901 3726 1043 3780 benedicis

334 3789 435 3838 Dictis.
454 3788 539 3838 illaec
550 3789 624 3856 forti
634 3790 752 3855 fortuna
763 3790 871 3855 fortt'us
900 3798 903 3803 '

333 3856 419 3968 ‘ddum
435 3853 550 3906 obserat.
570 3872 619 3922 ego
638 3855 779 3907 Lsmaiom
792 3857 877 3923 soros
892 3876 968 3911 voco.

365 3936 409 3969 om
425 3928 481 3969 etc.
1116 3942 1120 3947 ·
1232 3930 1238 3941 ’
1280 3930 1284 3939 ⁴

210 3986 255 4040 Cf.
272 3983 397 4037 Palmer.
421 3984 519 4052 Spioil.
542 4002 570 4053 p.
593 3983 667 4049 664,
693 3985 802 4039 Acidal.
826 3987 966 4044 Divinatt.
989 4008 1019 4062 p.
1041 4005 1097 4064 157.
1122 3993 1199 4047 Forti
1216 4004 1265 4064 pro

209 4056 306 4117 Forte,
323 4057 357 4100 ut
372 4050 442 4112 alibi
458 4053 531 4118 porti
546 4067 599 4120 pro
617 4062 699 4121 parte
715 4061 770 4107 ete.
