2725 4659
458 257 740 332 MERCATOR.
800 289 816 306 ν
1059 279 1142 351 445.

76 444 138 506 Eu.
159 429 269 515 Mane,
285 456 394 510 mane,
414 435 570 501 Charine!
601 440 661 500 Cir.
676 435 791 505 Erress
813 458 869 500 me
888 433 1033 519 decipere
1047 437 1135 522 hand

245 560 248 566 ,
614 534 692 583 otes.
1013 523 1035 582 i.·
1048 541 1073 583 s.
1133 571 1139 577 .

77 607 139 670 En.
156 604 274 685 Neque
288 602 360 664 volo
371 602 501 684 edepol.
535 542 711 681 CrupQuin
728 613 766 662 tu
786 621 863 684 ergo
885 602 984 663 itiner
1004 604 1138 685 exsequi

592 705 706 747 meum
722 705 776 746 me
790 682 885 750 sinis?
968 696 993 745 t.
1010 698 1034 747 t.
1049 706 1078 748 c.
1223 749 1226 756 ,

75 772 140 836 En.
149 770 226 832 Non
239 771 319 832 sino.
342 767 401 830 Cu.
416 767 574 850 Egomet
585 787 640 829 rne
652 787 772 830 moror.
793 767 856 840 Tu,
872 784 983 845 puere,
993 766 1047 828 abi
1060 767 1135 832 hinc

266 891 270 924 2
593 852 679 912 intro
701 851 808 912 ocius!
1118 851 1121 856 ’
1140 885 1142 894 ,

75 933 150 994 tam
168 933 249 995 indu
263 952 400 1006 ¹currum
419 932 564 1012 escendi3
584 934 651 1010 jam
669 933 740 993 lora
761 933 799 992 in
812 895 930 993 maniis
945 932 1017 1010 cepi
1033 929 1136 996 meas!

75 1013 149 1080 liu,v
161 1012 262 1077 Sanus
274 1035 342 1076 non
359 1036 402 1078 es.
423 1018 484 1079 Cn.
502 1018 601 1096 Quin,
619 1013 732 1092 pedes,
752 1034 805 1074 vos
822 1016 859 1074 in
872 1013 1072 1075 curriculum
1088 1032 1140 1073 co·

593 1098 715 1170 nicitis,
747 1128 749 1130 >
1079 1115 1139 1175 920

77 1176 120 1239 In
135 1178 280 1260 Cyprum
292 1193 396 1242 recta:
415 1179 675 1261 quandoquidem
690 1177 774 1241 mihi
786 1191 876 1258 pater
883 1177 1019 1239 erilium
1025 1177 1138 1258 purat?⁴

77 1261 140 1342 iio.
161 1260 295 1338 Stultus,
307 1284 351 1325 es.
372 1264 451 1326 Noli
464 1265 557 1337 istuc,
578 1280 705 1344 quaeso,
725 1262 841 1321 dicere.
864 1262 924 1323 Cu.
941 1262 1140 1344 Certum-est

600 1364 673 1405 exse
697 1365 744 1414 ur,

78 1424 222 1504 Operam
244 1439 280 1489 ut
299 1446 427 1491 sumam
442 1429 483 1489 ad
502 1366 806 1511 pervestiguhdum,
830 1421 943 1502 ubisit
962 1424 1059 1488 illaec
1073 1467 1138 1490 ....

794 1508 855 1569 En.
874 1509 963 1585 Quin
977 1508 1065 1568 domi
1082 1519 1138 1588 est,

79 1591 137 1653 Cr.
159 1592 246 1654 Num
258 1589 313 1651 hic
329 1592 416 1671 quod
428 1591 522 1664 dixit,
538 1591 573 1666 id
587 1592 773 1655 mentiturt.
796 1587 858 1668 Eu.
868 1590 949 1650 Vere
963 1589 1034 1650 dixi
1049 1592 1139 1672 equi}

591 1675 666 1735 dem
688 1673 757 1734 tibi.

78 1753 138 1814 Cu.
161 1745 233 1815 Jam
250 1745 398 1838 Cyprum
409 1757 494 1817 veni.
534 1753 582 1815 Eu
602 1758 694 1835 Quin
707 1771 856 1834 sequere:
884 1765 923 1815 ut
936 1752 1030 1816 illam
1043 1753 1139 1827 vides,

594 1856 691 1918 quam
711 1837 846 1918 expetis.
1076 1851 1139 1913 925

76 1921 137 1981 Cu.
151 1920 360 1980 Percontatus
374 1938 440 1979 non
451 1920 577 1981 inveni!
607 1918 666 1980 Eu.
683 1915 798 1979 Matris
811 1917 877 1992 jam
892 1914 1137 2002 irem'neglego.

77 2003 137 2062 Cu.
155 2003 253 2062 Porro
262 2000 446 2081 proficiscor
460 2001 650 2079 quaesitum.
672 2002 769 2063 Nunc
776 2003 910 2080 perveni
926 1999 1138 2083 Chalcidem3

76 2077 178 2144 Video
191 2083 237 2143 ibi
251 2083 412 2163 hospitem
428 2082 616 2164 Zacyntho3
636 2084 718 2158 dico,
736 2084 813 2161 quid
827 2103 866 2145 eo
882 2082 1088 2153 advenerim
1191 2103 1203 2124 ·

76 2165 209 2245 Rogito,
226 2168 295 2243 quis
315 2185 388 2228 eam
406 2168 542 2238 vexerit,
560 2169 630 2246 quis
650 2167 775 2239 haheat,
796 2166 824 2226 si
843 2165 1069 2228 indaudiverit.

75 2249 138 2309 Eu.
163 2246 251 2326 Quin
272 2262 310 2308 tu
325 2247 402 2308 istas
425 2248 549 2309 omittis
563 2267 667 2330 nugas
692 2268 728 2309 ac
742 2266 876 2310 mecum
890 2247 956 2309 huc
969 2250 1056 2310 iutro
1071 2266 1139 2309 am-

76 2387 80 2394 .
423 2389 425 2394 .
554 2331 708 2394 hules?
875 2385 949 2396 ,,,
1016 2391 1019 2396 ,
1076 2327 1139 2411 ςόοζ

78 2412 139 2474 Cu.
162 2413 284 2494 Hospes
304 2413 478 2495 respondit,
499 2413 663 2494 Zacyntho
677 2413 756 2475 ficos
767 2411 839 2475 fieri
856 2432 923 2475 non
940 2411 1041 2473 malas
1058 2456 1067 2475 .
1083 2455 1092 2475 .
1109 2455 1117 2471 .

77 2495 139 2564 Eu·
160 2495 221 2559 Nil
235 2497 416 2562 mentitust.
433 2498 492 2557 Cn.
500 2495 563 2558 Sed
572 2497 610 2556 de
620 2497 724 2561 amica
738 2495 927 2562 inaudivisse
937 2515 970 2562 se
979 2508 1143 2564 autumat,

76 2577 143 2637 Hic
161 2577 297 2639 Athenis
312 2597 389 2640 esse.
423 2577 482 2639 En.
502 2578 636 2642 Calchas
651 2580 714 2640 iste
728 2575 859 2658 quidem
876 2576 1096 2659 Zacynthiust.

78 2660 140 2724 Cn·
159 2663 286 2724 Navem
304 2659 492 2730 conscendo,
510 2655 696 2740 proficiscor
708 2662 809 2734 eloco,
827 2661 893 2738 jem
909 2680 981 2721 sum
996 2659 1098 2735 domi,

76 2744 151 2812 Jarn
166 2742 270 2805 redivi
284 2743 392 2818 exilio.
412 2738 514 2815 Salve,
536 2743 586 2805 mi
607 2744 723 2806 sodalis
748 2742 912 2824 Eutyche!
1077 2757 1141 2823 955

77 2826 125 2885 Ut
136 2824 291 2888 valuisti?
308 2826 394 2903 Quid
402 2824 619 2905 parentesi-
631 2822 767 2890 Mecum
779 2827 821 2888 ad
833 2839 971 2890 matrem
986 2822 1090 2885 sedito
1099 2859 1141 2876 ω

49 2975 53 2988 Ι
75 2908 168 2970 Bene
188 2926 296 2977 vocam
317 2907 458 2991 benigne
481 2909 569 2972 dicis.
613 2908 692 2969 Cras
711 2907 795 2986 apud
815 2921 863 2980 te;
885 2926 975 2967 nunc
994 2907 1091 2972 domi.
1134 2939 1136 2946 ι

76 2990 129 3050 Sic
150 2990 261 3068 decet3
288 2989 332 3050 sic
353 2989 426 3052 fieri
446 3003 581 3071 oportet.
603 2988 663 3052 Eu.
678 2990 848 3069 Eloquere,
868 3010 910 3049 an
922 3003 959 3050 tu
978 2994 1139 3052 somnies?

76 3073 140 3133 Hic
153 3072 253 3137 homo
269 3074 424 3133 insanust.
448 3074 505 3133 Ca.
520 3073 652 3135 Amicus
669 3072 749 3152 quin
760 3092 910 3155 properas
928 3072 1140 3141 medicarier?

77 3155 140 3215 En.
156 3156 307 3235 Sequere,
322 3155 373 3218 sis.
396 3155 456 3216 Cu.
477 3153 606 3236 Sequor.
627 3157 690 3217 Eu,
707 3155 901 3227 Clementer,
918 3174 1051 3235 quaeso:
1073 3157 1139 3216 cal-

595 3240 639 3298 cis
663 3238 792 3300 deteris.
1079 3257 1140 3317 940

77 3318 199 3380 Audiu‘
214 3319 273 3379 tu?
288 3316 551 3380 Cruiamdudum
564 3320 685 3382 audivi.
703 3320 761 3382 En.
772 3322 1051 3397 Pacemcomponi
1067 3321 1140 3382 volo

78 3398 157 3470 Meo
171 3402 341 3480 patricum
351 3414 474 3463 matre:
496 3422 574 3464 nem
588 3421 675 3466 nunc
691 3416 738 3463 est
745 3405 895 3468 irata...
919 3401 977 3464 Cu.
995 3402 1010 3461 I
1026 3403 1139 3472 modo!

76 3485 140 3546 Eu.
155 3486 291 3563 Propter
305 3484 417 3546 istanc.
440 3485 499 3545 Cn.
513 3479 530 3542 I
545 3485 654 3550 modo!
677 3485 737 3548 En.
758 3487 842 3566 Ergo
863 3504 948 3546 cura.
971 3486 1030 3548 Cu.
1050 3489 1141 3567 Quin

592 3581 631 3628 tu
652 3587 727 3648 ergo
747 3568 893 3629 i'modo:
939 3568 942 3573 ’

76 3650 161 3711 Tam
178 3647 352 3728 propitiam
364 3648 507 3719 reddam,
525 3668 632 3728 quam,
649 3670 748 3728 quom
760 3650 897 3730 propitia
907 3661 955 3709 est
968 3649 1141 3725 Junoiovi,
1165 3719 1168 3730 ,

142 3757 202 3810 9¹9·
218 3743 266 3795 Ver
284 3743 314 3792 in
332 3759 446 3796 currum.
496 3746 617 3810 9so.1ta
628 3744 709 3798 MSS.
730 3746 761 3795 V.
774 3753 913 3811 corrupto
926 3754 1037 3799 metro:
1057 3749 1143 3798 con'i·

79 3812 153 3863 citis.
203 3823 262 3876 929.
280 3809 329 3860 V.t
355 3811 381 3858 st'
397 3808 434 3859 iii
451 3811 626 3862 teredinem.
643 3809 725 3865 Pais
749 3812 774 3860 si
792 3809 836 3859 rbi
853 3812 915 3860 inde
934 3815 1076 3864 audiverit.
1094 3766 1143 3866 sle·

98 3893 153 3928 uor
165 3875 327 3927 Gruterum
344 3882 374 3926 et
390 3875 623 3928 Taubmannum.
658 3890 715 3945 955.
728 3877 777 3930 Vn
791 3877 869 3930 redii.
885 3875 964 3928 Pala
982 3882 1049 3930 redi.
1084 3882 1142 3947 95⁶·

75 3895 149 3997 grid.
161 3941 282 3993 horrido
296 3955 604 4010 numeror-parentes
617 3946 672 3995 mei
682 3944 798 3994 valent?
816 3961 901 3994 coena
913 3945 1029 3998 dabitur.
1042 3937 1141 4004 Mis:

77 4040 111 4052 -
124 4010 248 4077 parentis
259 4021 362 4059 metuas
375 4020 461 4058 mater
478 4011 546 4059 dati·
580 4020 638 4078 938·
652 4012 684 4061 V.
694 4009 796 4062 vitiose
807 4019 916 4061 metro:
934 4013 986 4065 Eu.
1006 4015 1064 4079 eho,
1073 4030 1143 4066 onae

78 4089 107 4128 tu
125 4076 270 4126 somnias?
285 4072 384 4129 Mssa
403 4074 529 4142 eloqucni
540 4093 562 4127 s.
595 4092 654 4145 939.
669 4079 718 4131 ν..
741 4076 778 4128 Η.
792 4077 819 4129 h.
835 4094 891 4129 non
910 4096 994 4133 sanus
1013 4094 1063 4133 est.
1078 4069 1141 4132 iet.

77 4141 140 4195 cod.
159 4142 271 4193 Camer.
289 4149 344 4191 etc,
