2725 4659
228 285 295 334 acm
331 260 640 366 comentes
663 261 956 335 METRORUM
979 264 1201 342 DRAMAT.

227 457 360 520 solvant
378 460 547 532 inclinata,
568 458 625 519 sed
643 462 989 541 tanquamnihil'jam
1011 461 1148 545 supersit
1169 461 1295 527 facien·
1339 401 1340 456 l

227 541 328 614 tium,
350 542 544 613 subsistunt,
574 543 606 601 e't
636 544 760 605 alienae
790 548 906 607 virtuti
937 549 1027 608 velut
1054 550 1296 626 indormiunt):

226 628 273 685 ita
304 627 403 685 etiam
438 627 491 686 hic
521 624 653 698 accidit,
690 626 745 700 iit,
765 647 817 688 'ex
849 650 912 708 quo
941 623 1085 710 tempore
1116 652 1190 693 cum
1212 635 1298 694 'alio-

225 726 300 767 rum
327 709 496 768 doctorum
531 710 744 782 testimoniis,
781 711 1199 793 tum'inprimisGesneri
1231 714 1298 790 (in

225 803 304 850 nota
329 790 369 850 ad
397 793 553 871 Quinctil.
575 811 613 868 9,
637 812 672 870 4,
695 791 766 870 75.)
794 810 890 874 atque
911 798 1015 858 Reizii
1037 793 1092 874 (in
1114 800 1231 877 scripto
1254 798 1298 858 de

221 872 429 943 Burmannc,
450 873 627 949 '‘Bentlejl
654 875 775 950 ¹judice
825 897 940 960 parum
986 879 1121 954 idoneo,
1164 875 1296 961 Lipsiae

221 955 344 1034 4778),
365 961 503 1022 visuum
520 959 807 1039 peritissimorum,
828 960 988 1040 suffragiis
1010 962 1048 1019 de
1070 965 1202 1044 ingenio
1221 984 1297 1024 -me-
1331 976 1334 986 '

221 1041 363 1120 sitisque
381 1042 480 1122 Angli
500 1041 707 1103 celeberrimi
728 1043 924 1111 constiterat,
942 1042 1088 1120 plerique
1111 1055 1222 1107 emnes
1244 1065 1297 1107 sa·

222 1124 265 1182 tis
285 1124 442 1195 haberent
464 1127 586 1211 jurare
608 1127 642 1185 in
656 1122 759 1183 verba
785 1124 961 1198 magistri,
993 1141 1134 1202 eumque
1155 1128 1296 1189 laudare

222 1206 360 1284 mallent
389 1227 486 1288 quam
513 1207 642 1265 imitari.
684 1203 914 1279 Ipselieizius
943 1217 1048 1280 neque
1077 1210 1113 1264 in
1143 1210 1295 1269 editione

222 1288 382 1348 lindensis
413 1289 582 1346 Plautinae
611 1303 718 1360 neque
740 1283 836 1354 alibi,
866 1286 1008 1356 inventis
1030 1288 1168 1363 Bentleji
1197 1291 1294 1366 quid·

222 1390 321 1449 quam
338 1369 476 1436 addidit,
497 1368 560 1426 nisi
582 1365 666 1443 quod
690 1386 798 1436 stersus
820 1365 944 1446 aliquot
965 1371 1180 1451 anapaesticus
1190 1371 1293 1431 v‘eruit

220 1471 262 1513 ex
275 1449 455 1518 ¹Sassinate,
476 1461 760 1529 asynartetumque
773 1451 880 1521 illum,
902 1452 1290 1530 qui,constattrochaico

218 1535 361 1595 dimetro
389 1532 565 1594 acatalecto
595 1543 627 1590 et
657 1532 773 1594 similis
802 1533 927 1594 moduli
946 1535 1102 1610 iambico,
1123 1535 1178 1595 sed
1199 1549 1289 1596 cata-

218 1619 321 1685 lecto,
346 1615 480 1698 agnovit
509 1617 544 1674 in
572 1614 716 1689 eiusdem
747 1616 856 1677 Milite
886 1617 1043 1698 glorioso,
1074 1617 1165 1693 cujus
1185 1622 1288 1680 metri

219 1700 407 1780 exemplum
424 1712 529 1758 exstat
547 1697 631 1778 apud
648 1695 733 1760 Mar.
746 1700 947 1759 Victorinum
963 1721 1033 1784 pag.
1052 1701 1286 1777 2551.Putsch.

218 1782 318 1855 Cujus
347 1783 409 1842 viti
429 1782 662 1842 modestissimi
689 1782 864 1861 discipulus
896 1784 1026 1861 quidam
1053 1785 1285 1858 dum‘majora

220 1865 392 1945 promittit,
414 1868 522 1926 minus
543 1866 840 1946 etiampraestitit,
869 1866 977 1944 itaque
999 1881 1155 1949 grassatus
1177 1868 1284 1928 estin

218 1948 424 2019 liis-litteris,
456 1963 493 2008 ut
512 1947 676 2029 ,candidus
698 1945 924 2008 Ernestiorum
953 1970 1059 2022 error,
1090 1962 1196 2009 totum
1217 1948 1284 2008 hoc

219 2051 319 2114 genus
356 2032 563 2114 tollentium,
598 2030 825 2110 praeferendus
861 2031 1003 2092 videatur
1040 2033 1157 2092 sciolae
1191 2031 1284 2093 illius

216 2118 428 2195 ignorantiae,
453 2134 516 2192 qua
533 2114 646 2185 fretus,
668 2133 749 2191 quae
769 2110 857 2172 haud
877 2113 1045 2197 intelligit,
1067 2116 1282 2177 audacissime

217 2210 325 2259 mutat
360 2200 584 2278 depravatque.
643 2196 735 2274 Quae
762 2197 859 2274 pestis
889 2215 956 2255 non
981 2216 1039 2275 per
1066 2198 1283 2259 Germaniam
1339 2217 1340 2254 l

217 2282 313 2341 modo
336 2285 445 2363 serpit,
468 2281 522 2340 sed
537 2280 600 2359 ja'm
615 2281 713 2339 etiam
731 2278 845 2357 Belgos
865 2279 999 2338 iniecit:
1023 2281 1112 2339 velut
1129 2279 1280 2350 Bosscha,
1339 2277 1340 2304 ³

217 2366 268 2425 vir
291 2367 454 2445 ceteroqui
475 2365 597 2437 doctus,
616 2363 697 2422 alios
718 2362 802 2423 locos
819 2381 862 2423 ne
883 2367 1146 2432 commemorem,
1170 2363 1281 2442 Capti·
1339 2359 1340 2366 ¹

216 2462 463 2523 rorum<act.‚4.
486 2465 572 2514 scen.
601 2466 631 2505 2.
659 2447 749 2505 intra
772 2448 912 2521 spatium
937 2465 971 2506 11
1005 2466 1158 2506 versuum
1182 2448 1278 2523 quin·
1339 2445 1340 2506 ξ

215 2529 305 2605 quies
327 2530 492 2612 vulgatam
510 2527 684 2592 lectionem
706 2523 822 2599 mutat‘,
845 2540 880 2587 ut
894 2524 1001 2585 afficta
1021 2525 1144 2587 scilicet
1162 2527 1279 2590 Plauto
1339 2553 1340 2580 2

216 2610 517 2681 metra‘extundat,
539 2609 580 2667 de
602 2610 718 2687 quibus
743 2628 863 2686 nepes
885 2611 1045 2668 somnium
1068 2610 1199 2686 quidem
1217 2609 1278 2671 ille

216 2692 375 2772 cogitavit.
417 2694 446 2752 A
467 2710 528 2768 qua
549 2690 699 2760 licentia,
722 2688 864 2750 obscuris
885 2689 1031 2769 digniore
1048 2693 1162 2752 seculis
1180 2711 1279 2770 quam

215 2775 277 2835 hoc
296 2772 424 2844 nostro,
452 2771 514 2833 nisi
523 2767 666 2840 'tandem
685 2784 870 2851 temperent
892 2773 1026 2842 eruditi,
1053 2767 1162 2834 eo'res
1184 2767 1278 2835 deve·

214 2858 300 2929 niet,
320 2869 358 2917 ut
379 2857 511 2917 Plautus
531 2857 566 2915 in
588 2855 677 2916 libris
697 2863 826 2914 tantum
847 2857 971 2935 scriptis
993 2857 1053 2916 ⁴uel
1075 2859 1200 2935 pridem
1221 2877 1277 2916 cu·

214 2942 254 3001 sis
276 2937 475 3019 quaerendus
496 2939 555 3012 sit,
586 2938 643 3016 qui
669 2958 799 2999 manus*
815 2939 951 2998 istorum
970 2953 1189 3000 correctorum
1210 2958 1277 3000 non

214 3037 289 3084 sunt
310 3024 445 3104 experti.
1253 3033 1269 3097 f
1339 3067 1340 3096 3

294 3106 441 3184 Quorum
462 3123 521 3165 nos
542 3103 924 3186 aversatiarrogantiam,
946 3117 1165 3186 quascumque
1184 3106 1272 3165 inve·
1339 3107 1340 3160 ὲ

211 3190 319 3251 nimus
356 3189 392 3248 in
423 3188 472 3249 his
500 3184 601 3267 politis
626 3188 783 3270 formulas
812 3201 990 3248 metrorum
1019 3189 1210 3269 collegimus
1242 3202 1276 3249 et

213 3270 370 3351 exemplis
397 3289 472 3331 cum
498 3272 638 3331 aliorum
658 3270 866 3342 Latinorum,
895 3283 966 3331 tum
995 3273 1211 3343 Graecorum,
1232 3273 1280 3331 il-.
1339 3301 1340 3324 1

211 3356 347 3417 lustrare
368 3366 463 3433 atque
494 3354 686 3415 confirmare
715 3353 908 3415 studuimus.
939 3354 978 3413 ·E
1008 3356 1121 3431 quibus
1149 3356 1275 3414 formu-

211 3439 263 3499 lae
284 3435 498 3516 jambicerum
526 3451 627 3515 atque
643 3429 883 3496 trochaicorum·
905 3455 1074 3504 versuum,
1096 3439 1175 3496 item
1199 3437 1273 3496 bac·

211 3521 396 3581 chiacorutn
430 3533 526 3599 atque
555 3521 746 3580 ereticorum
774 3523 988 3598 omniumque
1013 3521 1213 3599 simplicium
1240 3529 1275 3581 et

210 3603 338 3665 'aliunde
360 3606 435 3663 satis
455 3617 551 3663 notae
574 3617 666 3674 sunt,
698 3613 731 3662 et
753 3622 794 3661 ex
817 3603 956 3679 Bentleii
978 3603 1214 3663 Schediasmate
1234 3602 1274 3663 li-

210 3685 331 3766 broque
353 3687 531 3748 Godolredi
553 3686 734 3746 Hermanni
763 3684 802 3743 de
823 3688 935 3744 metris
956 3687 1156 3746 Graecorum
1177 3696 1274 3764 atque
1339 3689 1340 3728 l

209 3767 451 3843 Romanorum,
472 3772 588 3832 nostris
617 3787 743 3847 quoque
770 3768 808 3828 de
831 3767 964 3828 Comico
984 3782 1118 3845 utroque
1140 3779 1172 3826 et
1193 3767 1273 3827 Tra-

210 3854 280 3934 gico
301 3853 526 3931 copiosioribus
548 3853 807 3922 commentariis,
829 3856 979 3930 cognosci
996 3863 1135 3931 possunt.
1156 3853 1273 3911 Atten-

212 3935 355 3996 dantum
386 3949 495 3996 autern
521 3937 669 4015 inprimis
700 3949 749 3995 est
782 3934 822 3992 ad
842 3933 990 4004 hiatum,
1019 3936 1091 4010 qui,
1120 3934 1272 4010 frequens

210 4017 294 4098 opud
321 4016 493 4091 Plautum,
522 4023 711 4100 praesertim
740 4020 775 4080 in
792 4017 950 4080 incisione
971 4016 1120 4097 legitima
1138 4015 1272 4089 iambici

210 4102 345 4173 canani.
374 4115 461 4186 quae·
486 4100 525 4162 fit
550 4113 631 4183 post·
642 4104 794 4183 quintum
815 4099 1026 4182 semipedem,
1049 4111 1082 4159 et
1100 4100 1135 4158 in
1156 4097 1271 4160 mediis
1339 4107 1340 4180 J
