2725 4659
210 878 1030 1031 saetosus«
1155 1065 1161 1085 ι

477 1194 689 1206 w

473 1377 698 1466 Cnsatuns.
748 1417 752 1424 ‹
780 1395 806 1424 υ

51 1443 176 1557 Duas
195 1515 246 1557 res
266 1494 363 1557 simul
382 1513 470 1556 nunc
490 1513 586 1577 agere
606 1481 774 1556 decretum
795 1492 959 1574 est'mihi:
983 1494 1005 1556 i.
1016 1514 1038 1557 s.
1050 1491 1076 1568 1,
1095 1515 1110 1555 1

54 1580 99 1640 Et
119 1590 352 1660 argumentum
373 1591 407 1639 et
426 1598 517 1639 meos
538 1596 662 1639 amores
684 1578 822 1655 eloquan
872 1581 875 1586 '

54 1665 132 1726 Non
152 1682 212 1744 ego
232 1662 314 1721 item
332 1661 428 1731 facio,
450 1672 488 1720 ut
508 1659 586 1721 alias
605 1663 643 1720 in
661 1659 837 1730 'comoediis

54 1744 130 1826 Vidi
147 1744 255 1805 facere
275 1755 443 1814 amatores,
462 1745 519 1823 qui
540 1755 595 1802 aut
614 1743 702 1802 nocti
723 1754 779 1802 aut
799 1741 851 1808 die

56 1828 125 1886 Aut
145 1826 204 1886 soli
224 1837 279 1884 aut
299 1826 395 1885 lunas
415 1826 558 1886 miserias
579 1837 711 1885 narrent
732 1842 813 1895 suas,

59 1908 146 1984 Quos
166 1908 220 1987 pol
239 1926 298 2047 ego
319 1903 475 1969 humanas
497 1905 612 1968 treduo
633 1906 847 1987 querimonias

59 1990 136 2050 Non
155 1989 239 2048 tanti
273 2007 373 2062 scere,
395 1989 472 2068 qnid
492 1989 600 2063 velint,
622 1989 699 2071 quid
718 2007 784 2052 nou
808 1988 924 2050 velintt

56 2071 156 2131 Vobis
176 2071 309 2132 narrabo
329 2072 437 2153 potius
455 2090 544 2132 meas
563 2091 650 2131 nunc
670 2072 824 2132 miserias.

58 2154 183 2215 Graece
205 2154 284 2213 h'aec
305 2166 434 2214 vocatur
454 2153 610 2233 Emporos
631 2153 848 2234 Philemonis3

58 2235 181 2298 Eadem
202 2237 303 2297 latine
324 2232 486 2296 Mercator
507 2236 611 2298 Marci
632 2240 741 2300 Attici.
841 2309 843 2314 ι
1079 2254 1117 2295 10

56 2321 155 2380 Pater
175 2318 215 2378 ad
233 2331 414 2382 mercatum
434 2318 511 2378 hinc
532 2339 585 2379 me
605 2340 696 2380 meus
716 2322 801 2381 misit
821 2318 976 2397 Rhodum
1175 2386 1182 2403 Ι

59 2398 255 2474 (Biennium
274 2402 340 2477 jam
358 2401 484 2462 factum
505 2413 568 2475 est,
592 2415 757 2484 postquam
780 2403 842 2463 abii
862 2403 1017 2477 domo);'
1064 2405 1067 2412 '
1141 2425 1142 2428 ¹

58 2484 111 2544 Ibi
130 2504 240 2545 amare
260 2485 387 2563 occoepi
407 2484 511 2543 forma
532 2483 653 2544 eximia
672 2485 854 2548 mulierem.
1047 2491 1060 2555 J

57 2564 123 2626 Sed
143 2585 216 2628 eam
237 2579 274 2626 ut
295 2568 355 2628 sim
375 2565 557 2647 inplicitus,
588 2566 711 2639 dicam,
740 2569 766 2626 si
787 2586 900 2649 operae
921 2578 968 2628 est
988 2565 1118 2628 auribus

56 2650 167 2727 Atque
187 2649 227 2708 ad
247 2650 439 2710 sostenium
459 2649 523 2709 huo
545 2650 690 2710 animum
713 2650 801 2712 adest
822 2647 1019 2732 benignitus3
1080 2665 1118 2732 15
1192 2649 1193 2652 ’

56 2730 129 2793 Etsi
149 2731 212 2791 hoc
232 2751 347 2812 parum
368 2727 474 2808 (ecce)
497 2747 591 2792 more
606 2733 768 2808 majorum
788 2734 903 2801 institi,
1111 2732 1113 2735 ⁴

54 2818 122 2878 Per
140 2833 246 2875 meam
268 2832 437 2894 personam
457 2813 497 2873 ad
517 2836 573 2878 vos
595 2816 650 2896 qui
671 2817 732 2876 sim
752 2815 851 2875 index
872 2814 969 2877 eloco.

55 2896 146 2960 Nam
165 2914 308 2957 amorem
329 2895 409 2957 haec
429 2908 546 2958 cuncta
570 2900 644 2958 vitia
666 2900 781 2960 sectari
801 2899 905 2959 solent
949 2905 953 2909 ’

57 2983 157 3050 Cura,
177 2976 357 3061 aegritudo,
378 2981 541 3060 nimiaque
563 2980 732 3061 elegantia.
762 2990 767 3006 ·

56 3061 148 3123 Haeo
168 3080 234 3121 non
253 3061 348 3121 modo
369 3061 476 3131 illum,
499 3063 661 3141 quiamat,
685 3061 748 3133 sed,
770 3082 928 3144 quemque
938 3064 1056 3148 attigit,
1077 3082 1118 3125 so
1179 3091 1183 3099 ·

58 3144 182 3225 Magno
204 3157 299 3223 atque
320 3142 420 3204 solido
441 3146 560 3205 multat
580 3144 775 3215 infortuni03
915 3209 922 3224 κ

59 3227 133 3289 Nec
151 3226 205 3305 pol
227 3225 370 3307 profecto
392 3227 558 3308 quisquam
580 3226 648 3287 sine
670 3226 901 3309 grammato,

58 3310 240 3387 Praequam
259 3326 309 3368 res
330 3312 461 3388 patitur,
484 3309 608 3370 studuit
629 3309 819 3391 elegantiae.
872 3319 874 3322 '

58 3389 126 3452 sed
145 3393 246 3453 amori
266 3392 423 3453 accedunt
443 3393 540 3453 etiarn
560 3391 651 3465 baec,
674 3411 755 3474 quae
775 3392 845 3457 dixi
865 3396 991 3457 minuss

126 3578 159 3631 V.
178 3594 203 3646 5.
220 3579 331 3647 vulgos
346 3581 427 3646 idem,
445 3577 620 3634 sedaturus
639 3584 679 3652 (V.
689 3582 723 3635 L.
739 3590 777 3648 ιθ,
790 3582 830 3650 9.)
846 3580 921 3634 liber
937 3594 1026 3631 unus:
1044 3578 1118 3634 item.

55 3645 183 3714 Legitur
201 3662 314 3716 quoque
337 3648 417 3699 alios.
449 3645 474 3705 6.
491 3647 576 3700 Libri
599 3649 742 3702 titubante
765 3664 862 3699 versu:
890 3649 977 3699 credo.
1013 3645 1120 3703 10.V.t

58 3713 155 3765 Marci
170 3714 262 3769 Accii„
281 3712 363 3765 Mes,
382 3715 502 3781 mosaici,
520 3715 635 3781 manici,
652 3723 686 3767 ut
701 3717 820 3768 Decurt.
838 3716 913 3767 Vett.
931 3711 1009 3765 edu-z
1028 3712 1122 3763 marti·

59 3782 96 3832 ei.
114 3777 218 3830 Subest
232 3780 312 3843 jocus
335 3780 388 3859 (ef.
405 3781 484 3832 Men.
507 3782 582 3849 prol.
599 3783 757 3852 princip.)s
780 3797 846 3832 nam
872 3779 993 3849 genitivi
1016 3779 1121 3845 forma,

79 3845 154 3897 ualis
171 3853 216 3897 est
231 3848 358 3898 nomime
375 3848 468 3912 Accii,
485 3847 544 3899 siae
561 3851 643 3915 Attii,
664 3849 701 3900 sb
717 3847 771 3899 isto
787 3846 884 3901 seculo
901 3845 1045 3898 abhorret.
1081 3861 1120 3911 ¹4

55 3866 170 3965 iitioso
184 3908 269 3963 libri:
288 3931 379 3979 opera,
396 3930 450 3966 nso
467 3914 571 3968 melius
588 3932 666 3985 sequ.
686 3931 784 3967 versu:
803 3920 833 3968 Α.
852 3916 888 3968 acl
900 3916 1005 3968 aduort.
1024 3910 1120 3967 16.V.t

57 3982 94 4030 Et
111 3979 164 4032 bot
181 3995 208 4045 p.
228 3980 309 4032 etiam
328 3979 420 4047 (MSS.
438 3981 509 4045 esse)
526 3999 560 4033 m.
580 4000 613 4034 m.
633 3984 697 4032 inst.
728 3996 768 4049 ¹7·
785 3982 835 4036 V.t
858 3984 940 4037 Prius
956 3998 990 4032 ac
1008 3997 1121 4047 persone

58 4049 278 4108 mitissimum,
297 4049 399 4114 sumpsi
413 4047 545 4098 indicium
562 4048 648 4100 itttco.
666 4045 743 4104 Pati
758 4049 812 4101 Par
828 4067 869 4102 ms
885 4062 1122 4118 personatuum

56 4128 223 4181 nossemque
237 4109 307 4168 inde
325 4112 437 4167 axilios.
458 4105 505 4165 'Et
519 4113 561 4168 sio
578 4111 638 4170 fere
655 4112 737 4184 MSS.
1005 4164 1007 4170 .
1114 4136 1121 4162 ⁴
