2725 4659
428 272 723 356 rutundum.
749 295 754 306 ν
1039 302 1106 373 129

131 451 219 513 Nam
240 450 318 531 quid
345 449 431 526 milri
461 472 539 535 opus
569 466 616 514 est
643 454 731 526 vita,
760 454 814 533 qui
833 466 962 516 tantum
984 456 1107 536 perdidi

564 537 645 607 auri,
808 555 849 598 as.
871 558 891 598 2
910 558 962 597 an.
1045 542 1106 609 oso

36 614 144 695 Quod
164 615 322 690 custodivi
343 615 479 692 sedulo?
499 616 637 700 Egomet
657 637 711 678 me
731 618 917 698 defraudavi
960 645 965 653 ·
994 671 996 678 .

35 701 267 773 Animumque
287 716 401 759 meum
423 699 628 779 Geniumque
648 704 780 762 meum!
943 726 969 768 a.
993 706 1023 767 d.

37 781 147 856 Nunc
174 798 249 840 meo
281 778 338 841 alii
369 780 583 847 laetificantur
608 784 726 844 damno
758 796 792 842 et
819 783 920 926 nnlod!
971 788 1104 870 Nequeo

473 901 477 906 -
560 867 641 946 pati!
685 895 709 928 ,·
785 880 874 934 ast.
917 871 1022 936 ‚id

391 1037 757 1052 m

247 1238 620 1324 Lucerinis,
669 1219 907 1330 nucero,
1000 1220 1002 1224 ’

33 1425 75 1487 L.
106 1425 251 1503 Quinam
265 1423 362 1485 homo
382 1422 436 1485 hic
456 1436 530 1485 onte
551 1424 637 1486 aedis
651 1423 777 1488 nostras
794 1426 918 1504 ejulans
935 1429 1103 1508 conqueri·

401 1567 404 1572 .
559 1520 614 1569 tur
633 1508 802 1575 moerens?
822 1536 863 1552 -
903 1524 925 1573 t.
937 1525 960 1571 t.
972 1510 1063 1583 Iv,6

33 1594 80 1653 At
98 1588 156 1654 hic
171 1588 303 1670 quidem
315 1587 428 1652 Euclio
442 1602 499 1661 est,
513 1602 551 1649 ut
567 1592 739 1670 opinor.-
756 1591 881 1673 Oppido
898 1615 955 1676 ego
970 1594 1100 1662 interii!

559 1673 666 1751 palam
687 1689 734 1735 est
754 1694 821 1735 res:
863 1677 887 1739 i.
903 1691 928 1741 t.
944 1675 976 1738 h.
1040 1681 1102 1755 685

35 1752 111 1814 Scit
138 1754 295 1833 peperisse
315 1756 399 1831 jam,
426 1766 464 1814 ut
490 1775 549 1838 ego
572 1758 703 1837 opinor,
732 1755 836 1817 filiam
863 1778 962 1822 suam.
1005 1761 1102 1823 Nunc

332 1867 334 1870 ·
558 1857 607 1897 mr
626 1840 787 1899 incertum
809 1854 868 1910 est,
951 1853 1019 1903 tt.

34 1914 170 1981 A'beem
191 1936 233 1978 an
251 1938 413 1993 maneam,
435 1917 547 1981 adeam
564 1920 753 2002 aufugiam.
795 1921 883 1999 Quid
905 1942 1008 2004 egam,
1030 1921 1101 1983 ede·

558 2000 613 2080 pol
634 2005 752 2065 nescio.
900 2020 925 2067 t.
944 2009 969 2068 't.
992 2024 1018 2068 o.

35 2084 103 2146 En.
127 2081 206 2161 Quis
226 2080 322 2144 homo
342 2080 396 2142 hic
417 2081 584 2160 quuitur?
626 2083 663 2146 L.
684 2081 753 2165 Ego
774 2106 845 2146 sum
865 2090 970 2148 miser.

414 2164 473 2227 Eu.
496 2164 565 2224 Imo
587 2185 645 2248 ego
666 2187 739 2227 sum
760 2181 791 2229 et
812 2169 926 2229 misere
948 2170 1100 2247 perditus,

37 2246 131 2327 Quoi
148 2247 232 2307 mala
248 2260 340 2309 tanta
352 2247 607 2330 moestitudoque
620 2249 746 2331 obtigit.
776 2249 814 2310 L.
828 2252 946 2310 Animo
962 2251 1042 2310 bono
1057 2273 1100 2314 es.

35 2330 102 2393 En.
123 2328 206 2406 Quo,
224 2332 362 2406 obsecro,
377 2343 471 2409 pacto
487 2349 554 2390 esse
567 2333 720 2410 possum?
760 2334 797 2394 L.
820 2333 906 2410 Quia
921 2335 1005 2393 istuc
1024 2334 1102 2394 faci·

557 2429 629 2485 nus,
647 2411 731 2491 quod
740 2427 830 2475 tuom
846 2435 888 2476 as.
896 2427 918 2475 t.
927 2415 955 2473 d.
966 2416 986 2476 i.
995 2413 1024 2473 d.
1041 2418 1100 2494 690

36 2492 203 2555 Sollicitat
226 2495 407 2567 animum‚.
424 2489 458 2556 id
475 2512 534 2575 ego
555 2492 619 2554 feci
637 2509 670 2555 et
688 2495 800 2559 fateor.
842 2499 902 2559 Etr.
931 2495 1019 2574 Quid
1041 2517 1101 2579 ego

402 2575 407 2584 '
557 2596 599 2637 ex
618 2590 650 2637 te
666 2577 785 2639 audio?

35 2660 74 2721 L.
98 2656 159 2719 Pol
177 2657 231 2730 id,
254 2657 338 2740 qnod
352 2677 466 2720 verum
484 2671 542 2723 est.
584 2657 644 2722 En.
668 2659 756 2737 Quid
778 2681 836 2744 ego
849 2664 957 2723 merui
977 2662 1017 2721 de
1033 2661 1099 2738 ted,

554 2740 761 2816 adulescens,
782 2744 873 2814 moli,
955 2746 977 2806 i.
995 2758 1018 2804 t.

39 2821 263 2903 Quamobrem
282 2825 328 2886 ite
348 2822 467 2886 faceret
489 2844 607 2967 meqhue
626 2843 777 2905 meosque
797 2826 961 2906 perditum
978 2827 1040 2888 ires
1058 2827 1099 2888 li·

578 2907 668 2967 eros?
778 2925 781 2930 '
906 2906 1017 2971 't.t.c.

36 2993 75 3053 L.
97 2987 189 3050 Deus
202 2987 347 3069 inpulsor
359 2987 442 3051 mihi
457 2989 538 3060 fuit3
559 2990 587 3048 is
602 3009 656 3050 me
670 2991 709 3050 ad
722 2987 811 3050 illam
829 2991 957 3052 inlexit.

77 3069 82 3078 ”
594 3077 598 3084 ’
805 3069 864 3134 Eo.
886 3074 959 3152 Quo
979 3071 1097 3135 modo?

36 3155 76 3218 L.
87 3155 412 3234 'Fateor‘peccavisse
428 3166 460 3214 et
475 3173 530 3213 me
547 3151 677 3234 eulpam
693 3158 908 3215 conmeritum
923 3158 1006 3222 scio:
1038 3159 1101 3234 695

36 3236 78 3297 Id
100 3237 181 3297 adeo
205 3249 237 3297 te
261 3251 432 3299 exoratum
457 3237 676 3376 advenioiuu't
699 3237 808 3297 animo
829 3257 931 3319 aequo
952 3241 1098 3322 ignoscas

553 3319 599 3380 mi
626 3319 645 3379 ’.
951 3322 974 3384 i.
992 3335 1014 3384 t.

107 3491 164 3556 681.
181 3493 295 3549 Nostri:
312 3494 458 3564 fraudavi.
489 3492 528 3549 Et
549 3489 606 3548 hoe
621 3500 747 3562 rectum,
771 3491 856 3548 modo
874 3497 988 3563 Egomet
1003 3492 1098 3545 media

35 3560 129 3634 longa
140 3564 349 3632 pronuntietur.
383 3562 441 3630 633.
454 3566 503 3616 V.:
522 3564 647 3614 Nuno'eo
661 3565 699 3613 al.
714 3565 777 3615 loct.
791 3582 848 3614 meo
857 3565 929 3614 maio
943 3573 969 3612 ct
981 3562 1079 3610 damno
1088 3580 1098 3611 .-

36 3636 100 3698 potr'
113 3649 224 3698 nequeo.
259 3628 373 3681 Guelf.t
391 3649 493 3700 nequeo
506 3632 574 3699 pati.
594 3653 597 3658 ¹
620 3631 676 3698 687.
694 3634 742 3682 V.:
758 3662 792 3671 --
810 3635 940 3682 incertum
955 3640 1004 3691 est,
1023 3627 1097 3693 Quid

37 3714 132 3764 agam.
152 3698 247 3749 obeam
267 3716 303 3748 on
322 3700 468 3751 moneam?
492 3717 530 3748 an
549 3698 646 3747 adeum
668 3707 723 3747 etc.
756 3697 900 3747 vocabule
925 3711 1049 3748 maneam
1068 3703 1098 3745 et

38 3782 123 3830 agam
136 3780 196 3816 non
208 3762 379 3835 liquescunt.
414 3765 473 3827 683,
497 3767 580 3817 miser
596 3763 706 3831 legitur
719 3765 751 3813 in
764 3762 828 3817 old.
842 3765 886 3815 V.:
910 3762 942 3810 L.
962 3778 1010 3825 ego
1028 3777 1095 3810 turn.

37 3831 89 3881 En.
110 3833 163 3882 imo
178 3849 227 3898 ego
242 3850 301 3882 sum
314 3832 395 3881 miser
409 3846 435 3883 et
447 3835 506 3882 mis.
522 3832 596 3899 perd.
615 3830 734 3881 Sensere
747 3827 939 3879 vitiumAcid.
951 3827 1094 3904 etMeurs.

38 3898 97 3963 692,
114 3900 162 3950 V.:
182 3900 216 3949 Id
230 3899 300 3966 quod
315 3917 340 3949 v.
354 3910 402 3948 est.
420 3899 534 3952 Guelf.s
552 3898 604 3948 Pol
617 3897 687 3963 quod
701 3916 726 3945 v.
741 3910 789 3944 est.
824 3892 935 3945 Deinde
952 3891 1040 3946 hbet:
1062 3894 1096 3960 Q.

40 3981 89 4029 ego
103 3967 220 4036 emerui,
238 3966 299 4031 od,
319 3964 401 4029 moli,
416 3980 500 4017 uersu
518 3963 701 4032 imperfecto,
725 3977 811 4076 qlldem
828 3957 972 4076 suleevlt
988 3959 1096 4013 Douzo.

39 4029 96 4095 695.
123 4050 200 4097 pecc.
224 4048 280 4082 uon
301 4027 426 4083 eliditur.
456 4029 529 4083 Pell.
555 4037 617 4081 aet
632 4036 701 4079 vett.
724 4045 744 4088 ιι,
766 4036 834 4096 quot
856 4042 872 4077 e
893 4024 936 4076 d.s
959 4044 1001 4078 me
1020 4045 1096 4094 pecc.

38 4097 93 4162 696.
113 4097 161 4150 Si'c
174 4095 334 4151 Helmstsd.
350 4098 400 4156 V.:
418 4113 532 4153 oratum.

851 4230 873 4299 9
936 4263 942 4277 ,
