2725 4659
237 296 309 367 nod
576 287 631 359 Μ.
678 289 722 356 A.
769 285 951 358 PLAUTI

235 469 404 544 lie-hujus
423 467 493 529 filio
615 465 811 547 Pun'Quae
844 469 1072 549 ego‘memini‚
1094 487 1291 530 meramors

711 565 712 568 ’
743 563 798 609 ⁴est
824 554 998 614 usonerier.

233 638 271 698 T.
301 636 347 696 Ut
376 635 454 695 eum
482 632 617 694 redimat
646 643 680 691 et
701 634 1018 694 remittatunostrum
1037 633 1105 694 huo
1123 634 1288 695 mierum

749 733 867 775 vicem:

233 802 307 863 Pisi.
332 796 525 860 Meminero.
566 795 609 858 H.
628 798 667 856 At
689 800 929 877 quamprimum
941 801 1077 877 poteriis
1094 813 1163 860 tam
1176 802 1213 859 in
1226 818 1286 859 rem

281 899 289 911 ·
751 882 879 961 utrique
900 894 949 941 est
969 900 1132 941 maxume.

234 968 307 1029 Pm.
329 967 405 1028 Non
424 977 516 1025 tuom
536 976 576 1024 tu
594 980 689 1046 mage
708 963 830 1034 videre,
851 977 947 1044 (psam
967 964 1024 1023 ille
1046 983 1138 1024 suom
1159 977 1280 1044 gnatum

745 1063 785 1106 cu
809 1047 845 1106 it.
1215 1085 1220 1098 .

163 1181 169 1199 .
233 1132 278 1193 H.
286 1129 382 1192 Meus
397 1123 490 1203 mihi,
507 1147 579 1190 suos
595 1127 735 1212 quoique
746 1067 907 1193 estpoarus.
928 1131 1003 1194 1³³1.
1020 1128 1192 1208 Numquid
1205 1130 1279 1191 aliud

750 1214 798 1271 vis
818 1213 902 1291 patri
953 1253 955 1257 -
1089 1209 1091 1216 ‘
1228 1230 1278 1291 53⁰

234 1298 409 1360 Nuntiari?
444 1295 484 1358 T.
501 1293 558 1354 Me
578 1293 632 1353 hic
653 1292 776 1372 valere3
798 1308 832 1354 et
842 1307 916 1355 tute
930 1295 1081 1356 audacter
1099 1296 1209 1366 dicito,
1341 1305 1342 1310 ’

234 1381 393 1461 Tyndaro,
410 1380 500 1440 inter
519 1397 577 1437 nos
597 1377 695 1436 fuisse
716 1379 849 1458 ingenio
869 1375 958 1437 haud
976 1378 1195 1438 discordabili:

233 1463 347 1541 Neque
359 1474 392 1521 te
408 1462 636 1544 commeruisse
650 1461 793 1539 culpam,
808 1475 982 1539 neque‘me
994 1459 1279 1530 advorsstum'tiBi}

231 1544 383 1625 Beneque
403 1543 482 1603 hem
503 1546 635 1622 gessisse
655 1559 781 1602 morem
799 1545 835 1601 in
854 1545 953 1602 tantis
972 1545 1143 1603 aerumnis·
1157 1543 1279 1618 tamem

232 1627 346 1706 Neque
355 1627 431 1690 med
440 1645 583 1703 unquam
591 1626 807 1686 deseruissete
816 1626 1021 1702 nequissetis
1029 1641 1135 1703 neque
1142 1625 1206 1685 fide
1224 1641 1279 1703 535

232 1711 340 1772 Rebus
361 1712 396 1769 in
416 1709 531 1778 dubiis,
551 1711 671 1791 egenis.
694 1708 782 1767 Haec
801 1720 892 1787 pater
914 1708 1039 1789 quando
1060 1709 1149 1779 sciet,

231 1791 392 1873 Tyndaro,
407 1805 443 1851 ut
459 1792 557 1851 fueris
573 1792 734 1850 animatus
747 1809 824 1873 erga
841 1809 933 1851 suom
952 1803 1090 1872 gnatum
1103 1804 1199 1869 atque
1214 1807 1258 1850 se:

230 1876 408 1953 Nunquam
417 1873 484 1935 'erit
498 1888 566 1935 tam
581 1891 703 1940 avarus,
719 1875 799 1953 quin
813 1887 845 1935 te
859 1875 959 1954 gratis
979 1874 1115 1934 emittat·
1125 1890 1232 1935 manu.

230 1959 272 2018 Et
285 1975 358 2018 mea
374 1977 481 2038 opera,
503 1959 530 2017 si
549 1956 627 2016 hinc
648 1956 763 2026 rebito,
779 1956 897 2016 faciam
912 1969 949 2016 ut
962 1956 1059 2016 faciat
1079 1955 1232 2016 facilius:¹

229 2041 316 2101 Nam
336 2054 391 2101 tua
404 2059 499 2121 opera
513 2052 545 2098 et
557 2040 708 2099 comitate
724 2052 756 2097 et
771 2040 888 2100 virtute
909 2051 943 2098 et
962 2039 1116 2119 sapientia
1223 2054 1277 2117 540

230 2126 356 2196 Fecisti,
377 2136 414 2182 ut
435 2121 540 2183 redire
561 2120 658 2181 liceat
677 2120 718 2180 ad
738 2134 891 2201 parentes
905 2121 1028 2191 denu03

219 2210 339 2289 Quom
357 2204 442 2286 apud
460 2206 548 2288 hunc
570 2204 730 2266 confessus
750 2223 783 2264 es
803 2217 836 2264 et
858 2223 957 2286 genus
978 2216 1010 2265 et
1030 2201 1159 2265 divitias
1178 2223 1275 2278 meas:
1341 2261 1342 2266 ,

229 2291 301 2370 Quo
321 2301 415 2370 pacto
436 2287 569 2350 emisisti
589 2288 740 2354 esinclis
760 2299 850 2346 tuom
869 2287 985 2349 herum
1007 2300 1068 2347 tua·
1083 2290 1241 2367 sapientia.

230 2377 305 2436 Pm.
323 2373 400 2433 Feci
414 2366 540 2454 egerite,
556 2383 593 2431 ut
608 2387 839 2439 conmemorat.
854 2381 897 2439 et,
910 2383 944 2430 te
958 2371 1149 2432 meminisse
1159 2370 1275 2453 isign-

738 2465 809 2512 tum
831 2465 879 2511 est
899 2452 991 2513 mihi.

230 2539 351 2598 Merito
364 2536 427 2598 tibi
444 2550 480 2596 ea
494 2548 669 2597 evenerunt
683 2554 785 2595 ame:
799 2553 876 2594 nam
885 2555 982 2606 nunc,
994 2533 1201 2607 Philocrates,
1220 2550 1277 2613 545

229 2621 264 2679 Si
283 2642 344 2703 ego
360 2623 441 2679 item
454 2635 644 2685 memorem,
668 2635 819 2695 quarente
832 2635 907 2699 erga
922 2618 1025 2678 multa
1041 2618 1153 2679 fecisti:
1170 2619 1257 2688 bene,

228 2706 304 2765 Nox
326 2699 571 2762 diomedimst:
593 2719 670 2759 narn
692 2702 718 2759 si
739 2717 841 2760 servos
863 2715 955 2759 meus
976 2704 1034 2772 sis,
1055 2701 1161 2761 nihilo
1180 2704 1275 2765 secius

229 2781 438 2866 obsequiosus
458 2782 540 2843 mihi
560 2782 653 2841 fuisti
672 2802 808 2862 semper.
830 2782 870 2841 H.
886 2782 940 2855 Di,
956 2795 1089 2843 vostram
1102 2782 1212 2857 fidem,
1247 2791 1251 2802 '

226 2867 407 2929 Hominum
422 2868 594 2947 ingenium
609 2864 757 2925 liberale!
773 2877 810 2925 ut
825 2865 981 2928 lacrumas
997 2866 1169 2928 excutiunt
1181 2865 1273 2928 mihi!

290 3091 348 3162 526.
379 3095 509 3147 Habotur
532 3110 582 3145 eo
605 3092 637 3144 in
658 3092 780 3150 Helmst.
803 3092 884 3145 Leid.
910 3093 941 3145 C.
964 3095 1040 3153 Voss.
1063 3095 1096 3148 B.
1155 3105 1210 3164 528.
1231 3097 1273 3149 Ita

226 3163 327 3220 Lamb.
347 3179 382 3215 ex
398 3160 477 3218 codd
501 3169 530 3214 et
545 3111 684 3226 insecta,
707 3162 757 3229 qui
780 3160 869 3214 etiam
892 3159 971 3213 dedit
985 3165 1098 3231 poterit,
1115 3172 1150 3220 ut
1165 3163 1272 3234 pridem
1340 3205 1341 3210 ,

224 3229 445 3298 nosslegendum
462 3244 520 3280 csse
537 3227 669 3279 vidimus.
687 3229 720 3279 V.
733 3225 821 3278 nullis
836 3228 979 3279 numeris:
998 3231 1031 3280 At
1044 3246 1068 3296 q.
1081 3236 1192 3296 poteris,
1206 3234 1271 3281 istuc
1340 3235 1341 3246 ¹

225 3300 255 3349 in
273 3316 328 3348 rem
346 3316 372 3347 u.
391 3317 413 3353 ι,
431 3315 465 3347 m.
500 3296 531 3345 Is
546 3296 578 3344 in
596 3296 666 3344 istuc
680 3302 775 3345 ortum
787 3293 900 3345 videtur
912 3309 946 3346 ex
959 3294 1170 3349 antecedentes
1190 3295 1270 3362 flaba,

222 3367 304 3416 istam
322 3379 388 3416 vern
405 3362 436 3416 in
453 3365 523 3413 istuc
543 3359 608 3412 data
625 3375 712 3429 opera
728 3368 872 3411 mutatum
888 3376 957 3413 esse.
996 3372 1053 3429 338.
1071 3366 1161 3429 gratis
1201 3361 1269 3422 nidd.

204 3433 297 3483 'Voss
314 3430 384 3482 B‘et
399 3430 513 3484 Monac.
531 3429 561 3477 V.
580 3440 691 3493 gratus,
708 3424 785 3494 quod
801 3427 867 3490 fuit,
884 3436 917 3479 ut
932 3428 1043 3495 opinor,
1081 3432 1169 3481 ratiis.
1215 3444 1269 3498 344

221 3502 269 3549 ira.
286 3497 370 3552 Libri
388 3498 459 3561 istu,
485 3496 561 3546 Voss.
578 3496 602 3544 A
620 3496 699 3560 istas,
716 3501 810 3546 metro
828 3493 986 3547 durissimo.
1001 3448 1084 3547 Leid.
1100 3496 1125 3548 B
1141 3513 1168 3548 v.
1179 3511 1267 3567 seqn:

219 3586 254 3617 m.
269 3579 287 3617 ι.
302 3583 333 3616 cn
347 3584 386 3615 eo.
404 3563 554 3614 tidinme.
571 3562 655 3612 Fert:
769 3571 771 3576 '
820 3585 822 3588 ·
866 3571 869 3576 ·

303 3661 307 3668 ·
341 3630 408 3683 Feci
424 3647 473 3697 ogo
492 3631 557 3695 ista,
573 3630 614 3679 uti
631 3644 831 3691 commemoras,
849 3639 883 3693 et,
901 3638 927 3677 ts
944 3627 1107 3694 meminisse,
1124 3630 1153 3680 al
1165 3629 1231 3680 mitt

343 3699 457 3752 Gratum
475 3709 523 3748 est.
552 3696 653 3748 Merito
673 3712 707 3745 ea
726 3707 870 3745 evenerunt
885 3692 1090 3765 ¹(veleneners)
1114 3697 1165 3746 riti
1182 3711 1266 3748 amc:

775 3778 837 3811 nam
852 3778 933 3827 nunc,
948 3759 1121 3812 Philocrates
1134 3772 1189 3814 etc.

216 3848 274 3920 346.
293 3868 333 3902 me
348 3845 429 3912 libri,
437 3846 529 3913 Mss„
549 3862 607 3898 non
625 3845 701 3911 med,
717 3852 752 3896 ut
769 3844 886 3913 vulgati.
914 3844 1032 3897 Dedisse
1048 3846 1183 3900 videntur
1198 3845 1262 3909 med,

215 3922 266 3987 qui
282 3918 378 3968 minus
394 3915 660 3979 animadvetterent‚
682 3914 713 3963 Si
728 3911 780 3963 sub
797 3913 858 3963 ictu
875 3913 1000 3981 positum
1016 3929 1074 3964 non
1090 3913 1172 3970 elidi.
1208 3927 1263 3982 542.

216 3994 264 4046 sis.
302 3989 387 4041 Libri
408 3984 626 4058 ἁμέηῳςιςιιιι,
661 3986 771 4040 Vitium
800 3984 947 4039 sollemne.
976 3983 1099 4058 Bosschs
1121 3995 1212 4040 tentat
1232 3984 1264 4040 in
1339 3997 1340 4034 3

111 4069 127 4097 ·’
213 4070 296 4113 uota:
315 4079 378 4113 nam
395 4064 420 4113 si
435 4080 528 4114 servus
545 4062 583 4112 mi
594 4059 684 4127 ‘ossen
702 4080 728 4112 n.
744 4080 766 4113 s.
