2725 4659
217 313 263 388 θ’·
521 319 529 334 ’
554 314 622 383 Μ..
658 319 704 387 A.
752 312 934 385 PLAUTI

217 496 287 559 Nec
307 494 423 578 puduit
442 505 516 553 eum
536 492 570 552 id
590 493 701 553 aetatis
723 491 945 573 sycophantias

218 575 356 650 Struere,
378 591 411 638 et
431 574 593 637 beneficiis
613 595 666 636 me
688 593 793 636 emere
814 588 950 657 gnatum
972 589 1062 636 suom
1082 573 1151 635 tibi.

142 677 162 714 ·-
216 659 282 722 Eos
302 677 355 719 me
377 660 542 719 decretum
563 671 610 718 est
630 662 780 739 persequi,
796 678 899 728 mores
919 660 1027 739 patris.

215 739 305 803 Nam
325 759 379 801 me
399 740 495 802 hodie
516 743 612 802 oravit
632 742 830 823 Argyrippus
850 739 948 810 iilius,
1054 741 1058 748 '
1084 741 1098 750 ”

218 822 278 883 Uti
298 824 358 883 sibi
378 827 508 884 amanti·
520 824 582 883 sibi
600 824 741 884 facerem
761 826 885 903 argenti
907 822 1051 902 copiam;

217 904 261 965 Et
280 907 314 965 id
336 923 395 987 ego
415 909 566 988 percupio
588 905 721 985 obsequi
742 919 838 987 gnato
859 923 949 967 meo:
1085 909 1098 918 ‘'

217 987 296 1049 Volo
316 993 417 1050 amori
439 989 505 1065 ejus
526 988 726 1059 obsecutum,
748 989 921 1049 volo’amet
943 999 996 1049 tite
1015 999 1149 1066 patrem.

218 1072 425 1150 Quamquam
445 1072 541 1132 illum
562 1083 666 1133 mater
685 1085 771 1131 arcte
793 1083 1006 1149 contenteque
1024 1069 1131 1138 habet,

217 1156 327 1216 Patres
349 1167 385 1214 ut
405 1166 658 1216 consueverunt:
682 1173 741 1234 ego
762 1157 856 1214 mitto
877 1156 985 1213 omnia
1006 1151 1105 1221 haec;

218 1238 409 1298 Praesertim
431 1239 574 1317 quomis
595 1255 649 1296 me
670 1237 815 1320 dignum,
836 1233 1148 1318 quoi'concrederet,
1226 1233 1258 1305 65

217 1318 359 1379 Habuit:
382 1341 435 1379 me
456 1319 574 1379 habere
594 1318 751 1380 honorem
774 1320 841 1394 ejui
862 1319 992 1400 ingenio
1015 1317 1116 1387 decet,

219 1402 328 1478 Quom
348 1421 400 1461 me
413 1401 502 1472 adiit,
523 1415 560 1460 ut
574 1400 751 1475 pudentem
765 1414 899 1484 gnatum
914 1417 1050 1479 aequom
1066 1412 1113 1459 est
1124 1402 1255 1480 patrem:

218 1483 322 1561 Cupio
344 1503 408 1543 esse
429 1483 550 1543 amicae
572 1483 655 1562 quod
676 1484 731 1543 det
752 1498 922 1568 argentum
945 1499 1026 1545 snae.

218 1565 270 1626 Lr.
300 1565 398 1645 Cupis
417 1564 469 1634 id,
492 1565 573 1645 quod
594 1584 709 1645 cupere
729 1580 763 1626 te
783 1564 999 1647 nequidquam
1019 1567 1189 1649 intellego:

217 1647 370 1729 Dotalem
391 1666 516 1708 servom
535 1645 676 1709 Sauream
698 1663 857 1709 uxortua
1225 1664 1258 1722 70

219 1729 380 1801 Adduxit,
402 1731 476 1808 quoi
497 1730 569 1809 plus
587 1732 622 1790 in
642 1751 741 1790 manu
763 1735 802 1792 sit
824 1752 921 1812 quam
941 1732 1012 1793 tibi.
1305 1775 1306 1802 q

218 1814 292 1874 Da}-
312 1815 493 1894 Argentum
514 1815 640 1893 accepi:
662 1814 735 1873 dote
756 1816 931 1895 imperium
953 1811 1091 1875 vendidi.
1305 1819 1306 1828 ’

218 1897 316 1959 Nunc
337 1895 431 1955 verba
449 1897 485 1954 iu
505 1913 604 1975 pauca
626 1898 800 1967 conferam,
822 1898 898 1993 quid
919 1909 950 1957 te
972 1897 1082 1958 velim.
1122 1903 1126 1912 “

218 1978 343 2057 Viginti
362 1977 429 2052 jam
448 1992 538 2038 usust
557 1977 626 2040 filio
647 1980 774 2061 argenti
794 1980 905 2038 rnrnis:
1305 2017 1306 2050 f

218 2062 303 2123 Face
325 2060 359 2119 id
379 2074 415 2119 ut
436 2069 583 2137 paratum
604 2061 670 2136 jam
694 2065 743 2124 sit.
791 2063 842 2122 L1.
864 2061 958 2123 Unde
980 2061 1150 2144 gentium?
1228 2074 1259 2138 γε
1305 2069 1306 2114 i

219 2142 282 2203 Du.
311 2138 368 2201 Me
389 2142 583 2205 defraudato.
625 2144 677 2206 L1.
699 2142 870 2216 Maxumas
891 2162 992 2227 nugas
1013 2143 1099 2224 agis:
1245 2143 1248 2150 ’

220 2224 316 2286 Nudo
337 2224 505 2287 detrahere
525 2228 712 2287 vestimenta
732 2248 784 2286 me
805 2227 904 2303 jubes.

218 2308 400 2369 Detrudem
419 2322 453 2368 te
474 2310 555 2391 ego?
584 2313 664 2391 Age,
688 2313 738 2378 sis,
761 2324 798 2369 tu
818 2312 887 2371 sine
908 2314 1020 2388 pennis
1040 2309 1128 2366 vola!

189 2422 191 2426 ‚
220 2388 312 2450 Tene
331 2410 393 2471 ego
414 2391 592 2464 defrudata,
615 2394 691 2471 quoi
711 2392 796 2453 nihil
817 2406 864 2460 est
885 2393 997 2472 ipsiin
1017 2410 1129 2460 manu,
1305 2453 1306 2464 q

219 2473 293 2535 Nisi
311 2474 389 2552 quid
409 2487 447 2533 tu
466 2495 559 2554 porro
579 2496 714 2536 uxorem
736 2474 995 2537 defraudaveris?
1228 2480 1260 2541 80

219 2555 282 2628 Da.
306 2556 376 2633 Qua
396 2576 459 2624 me,
482 2576 545 2635 qua
564 2577 712 2629 uxorem,
734 2570 851 2637 quatu
872 2575 994 2616 servom
1015 2556 1166 2617 Sauream
1305 2613 1306 2618 ,

212 2636 326 2709 Potes,
348 2638 565 2698 circumduce!
589 2638 694 2700 aufer!
716 2642 869 2720 promitto
890 2640 949 2702 tibi
1305 2625 1307 2766 q

217 2719 315 2780 Nunc
337 2719 592 2793 affirmaturum,
613 2721 709 2781 hodie
731 2726 756 2782 si
775 2724 809 2782 id
831 2719 986 2785 ecleceris.

218 2801 270 2862 Lr.
301 2802 413 2863 lubeas
433 2815 616 2883 una-opera
636 2821 689 2864 me
710 2806 823 2882 piscari
844 2805 879 2865 in
903 2808 986 2877 aire,

217 2884 334 2943 Venari
355 2898 464 2945 autem
484 2886 607 2961 jaculod
627 2887 662 2947 in
684 2886 902 2949 mediomari.

217 2966 281 3027 Da.
311 2966 386 3026 Tibi
408 2966 568 3045 optionem
590 2971 707 3030 sumito
730 2970 916 3032 Leonidam.

217 3048 389 3109 Fabricare
410 3051 545 3126 quidvis,
567 3051 691 3129 quidvis
712 3055 972 3114 comminiscere!

216 3128 409 3200 Perficitote,
432 3146 600 3215 argeutum
620 3134 716 3198 hodie
736 3148 774 3195 ut
794 3135 909 3195 habeat
929 3135 1026 3207 filius,
1305 3193 1306 3222 q

215 3214 346 3273 Amicae
375 3216 459 3293 quod
480 3215 552 3276 det!
595 3216 647 3279 Lr.
670 3218 756 3297 Quid
777 3222 820 3279 ais
841 3232 889 3288 tu,
911 3219 1130 3280 Demaenete?

218 3289 334 3374 [Quid
355 3299 381 3356 ai
400 3295 483 3360 forte
502 3300 539 3360 in
558 3299 686 3365 insidias
706 3299 905 3378 devenerat]
1162 3360 1165 3366 .
1305 3295 1306 3390 ]

283 3485 322 3542 57.
339 3471 460 3542 Helmst.
478 3472 640 3541 benefactis.
689 3475 731 3527 aa.
749 3475 831 3528 Libri
849 3489 932 3528 versu
949 3475 1145 3545 pessumdato:
1169 3471 1199 3526 V.
1216 3491 1260 3525 aaa

218 3540 274 3592 obs.
289 3541 375 3605 illius,
393 3557 418 3596 o,
433 3559 457 3590 o.
474 3558 514 3590 me
529 3559 555 3609 p.
605 3540 646 3610 γὸ.
664 3537 755 3595 iidem
772 3542 860 3594 simili
878 3544 962 3593 vitio:
985 3541 1115 3593 Sauream
1129 3539 1262 3593 Emenda-

217 3606 375 3658 t’itDouza
397 3607 513 3659 Centur.
533 3623 556 3673 1,
573 3620 598 3673 5.
650 3617 691 3676 83.
708 3607 758 3660 V.:
784 3611 848 3660 Non
870 3610 1026 3675 offuturum,
1044 3609 1111 3659 stid
1125 3607 1263 3675 bodcfft·

220 3677 298 3737 ceris,
316 3672 392 3745 quod
417 3689 511 3724 aarum
527 3684 576 3725 eat
589 3691 642 3743 pro
658 3675 733 3728 senis
749 3676 854 3728 affectu
870 3683 899 3727 et
915 3675 1060 3726 voluntate
1078 3692 1109 3728 cr
1130 3692 1147 3726 a
1164 3674 1261 3725 filiurn.

217 3739 316 3791 Guelf.
334 3739 411 3791 dilue
423 3741 472 3791 doe
491 3759 505 3790 o
529 3755 695 3794 amaturum.
730 3737 795 3793 Non
811 3752 841 3794 et
857 3761 929 3792 nuno
945 3741 1059 3792 misceri
1076 3690 1171 3793 soient
1186 3743 1218 3792 in
1232 3738 1262 3790 li·

216 3806 284 3857 brie.
334 3815 374 3872 85.
395 3809 441 3858 Sic
458 3808 530 3877 (moi
547 3805 623 3876 q'trod
639 3803 747 3861 habent
759 3811 870 3877 jaculo)
888 3810 980 3859 nostri
994 3824 1102 3873 omncs,
1119 3807 1223 3859 Palatt.
1239 3817 1263 3872 5,

215 3873 295 3923 thnt.
315 3872 377 3924 ald.
402 3875 450 3926 V.t
463 3871 500 3924 'V
519 3891 544 3930 a.
558 3888 613 3925 tete
623 3878 718 3943 jaculo
735 3878 763 3926 t'n
776 3893 810 3927 m.
825 3896 858 3926 m.
878 3876 946 3926 Rete
963 3874 1041 3925 istud
1058 3874 1199 3943 glossema
1215 3879 1261 3926 eit·

221 3938 322 3990 Venari
334 3939 573 4005 remittendum,
592 3941 685 4010 ligura
697 3941 929 4013 frequentissima
942 3941 1018 4011 apud
1031 3940 1109 3992 hunc
1128 3951 1262 3992 nostrum.

215 4012 258 4070 89.
279 4005 372 4058 Verba
393 4007 505 4058 uncinis
527 4025 543 4058 a
559 4023 606 4059 me
622 4009 732 4061 inclusa
754 4019 812 4060 non
828 4007 965 4078 leguntur
988 4010 1018 4058 in
1036 4006 1131 4058 Guelf.
1156 4008 1263 4058 Monac.

215 4070 296 4125 Part·
312 4088 336 4138 5„
361 4073 483 4127 Helmat.
505 4084 601 4126 autem
623 4075 654 4127 ln
679 4077 738 4127 fine
761 4089 859 4127 vorsus
876 4079 918 4141 89.
940 4074 1011 4125 haec
1037 4081 1151 4126 tanturn
1167 4073 1263 4125 habet:

216 4142 281 4206 quid
302 4144 327 4193 si
344 4141 462 4196 insidias
480 4141 618 4195 devenero.
644 4137 801 4196 Glossema.
943 4155 946 4162 '
976 4159 979 4166 ·
1011 4153 1013 4158 ⁴
1226 4166 1229 4171 ·
1305 4163 1306 4206 q
