2725 4659
500 286 738 358 salutum.
1102 315 1150 388 Μ

178 522 440 615 'tuouton
483 546 779 614 uuucauou.
821 506 1057 622 uulnus.
1097 525 1100 532 ⁴

92 713 152 776 Le.
179 716 272 796 Quid
291 716 353 776 boc
375 718 417 778 sit
436 718 559 799 negoti,
575 715 743 780 neminem
762 736 875 782 meum
896 724 1020 784 dictum
1040 725 1151 805 magni

329 799 334 810 '
367 813 368 816 ’
610 801 741 860 iacere?
929 805 1111 883 tactus,

93 880 258 942 Libanum
273 884 310 941 in
321 882 513 941 tonstrinam
524 894 562 941 ut
574 883 728 959 jusseram
744 885 863 955 venire,
883 887 910 945 is
930 887 1043 949 nullus
1054 893 1150 955 venit.

94 965 127 1026 N
129 983 167 1023 ae
184 965 240 1024 ille
252 964 364 1043 edepol
372 977 463 1044 tergo
473 980 506 1024 et
523 964 837 1026 cruribusconsuluit
844 968 930 1028 haud
938 971 1068 1030 decore!
1091 991 1151 1049 390

95 1041 189 1107 Mna.
221 1048 328 1109 Nimis
349 1049 564 1128 imperiosum.
605 1047 658 1109 Lt.
679 1049 744 1108 Vae
757 1049 840 1108 mihi
853 1050 966 1111 hodie!
1007 1052 1065 1115 Le.
1087 1054 1154 1115 Sal·

613 1147 688 1190 vere
720 1151 798 1206 Jussr

95 1209 258 1273 Libanum
278 1212 450 1275 libertum!
473 1212 537 1288 jam
556 1227 658 1272 manu
680 1204 838 1274 emissus?
865 1215 918 1275 L1.
936 1216 1075 1277 Obsecro
1090 1230 1133 1284 te.

94 1292 156 1351 Le.
172 1297 241 1358 Nae
250 1308 287 1355 tu
300 1294 411 1353 herote
425 1306 501 1355 oum
514 1314 633 1374 magno
647 1296 734 1357 melo
747 1298 968 1360 miltiobuia'm
977 1300 1154 1362 obsessistil

97 1375 167 1436 Cur
186 1396 255 1437 nou
275 1378 402 1449 venisti,
423 1390 461 1436 ut
473 1378 640 1453 jusseram,
651 1380 688 1437 iu
703 1382 918 1442 tonstrinam?
959 1383 1010 1445 Lr.
1025 1382 1085 1442 Hic
1099 1393 1156 1444 me

154 1493 157 1498 ·
273 1498 276 1503 ·
525 1471 529 1476 '
611 1473 779 1522 moratust.
882 1509 886 1521 .

97 1540 155 1600 Ln.
177 1538 209 1602 Si
230 1542 362 1623 quidem
382 1540 490 1604 hercle
510 1561 599 1605 nune
620 1561 785 1604 summum
806 1544 916 1605 Jovem
935 1558 968 1606 te
990 1546 1077 1608 dicas
1101 1549 1154 1610 de-

612 1628 759 1696 tinuisse,
1093 1648 1156 1711 595

99 1707 204 1787 Atque
220 1706 248 1765 is
265 1721 410 1786 precator
431 1704 549 1770 adsie't:
579 1709 702 1769 malam
717 1730 786 1769 rem
811 1711 950 1792 ecfugies
974 1731 1152 1792 nunquam.

100 1786 302 1861 Tuverbem,
311 1791 487 1871 imperium
494 1794 838 1854 meumcontem'sisti?
859 1794 911 1853 Le.
926 1794 1153 1876 Hospesperiil

99 1871 191 1931 Mun.
205 1872 331 1949 Quaeso
339 1872 457 1943 hercle,
466 1875 545 1945 noli,
554 1872 681 1943 Saurea,
691 1894 763 1935 mea
771 1895 862 1935 causa
870 1876 957 1935 hunc
967 1878 1152 1938 verberare!

98 1952 159 2017 Lu
180 1954 315 2018 Utinam
335 1974 422 2016 nunc
444 1956 597 2020 stimulus
615 1959 653 2019 iu
672 1976 773 2019 manu
793 1958 877 2019 mihi
898 1962 991 2021 sit...

763 2037 853 2103 Meu.
886 2042 1009 2119 Qiesce,
1031 2062 1155 2123 quaeso.

98 2120 159 2180 Le.
175 2119 241 2198 Qui
254 2120 352 2182 latera
364 2134 605 2194 conteramtue,
617 2140 696 2203 quae
712 2122 891 2185 obcalluere
908 2126 1009 2207 plagis
1019 2130 1076 2185 !-
1094 2139 1155 2201 noo

99 2200 243 2266 Abscede
271 2224 307 2263 ac
340 2208 407 2265 sine
433 2223 487 2266 ma
507 2205 596 2265 hunc
617 2205 769 2283 perdere,
798 2208 854 2286 qui
882 2226 1007 2283 semper
1033 2228 1086 2268 me
1107 2211 1157 2269 ira

210 2307 213 2312 ’
615 2287 778 2359 incendit,

103 2369 191 2448 Quoi
211 2389 382 2448 nunquam
401 2387 471 2432 rem
484 2387 539 2432 me
559 2387 659 2430 unam
677 2370 754 2428 licet
771 2369 871 2431 semel
884 2371 1065 2449 praecipere
1079 2372 1155 2443 iuri,

103 2452 197 2530 Quin
215 2446 337 2515 centies
362 2455 474 2516 eadem
492 2454 653 2536 imperem
679 2465 775 2533 etque
803 2453 1017 2536 obganniam3
1047 2457 1156 2535 itaque

228 2607 230 2611 Ι
616 2533 684 2609 jam
705 2534 813 2595 hercle

72 2633 75 2646 ·
102 2616 254 2681 Clamore
274 2636 312 2678 ac
333 2615 496 2680 stomacho
516 2635 583 2678 non
596 2636 686 2697 queo
706 2616 808 2678 labori
830 2619 1040 2698 suppeditare.

102 2702 232 2772 Jussin’,
249 2703 392 2774 sceleste,
407 2703 553 2778 abienus
568 2700 630 2760 hoo
648 2712 769 2762 stercus
782 2701 859 2763 hinc
873 2702 1015 2765 auferri?
1097 2722 1159 2786 405

101 2783 220 2844 Jussin’
241 2785 400 2846 columnis
422 2785 515 2859 dejici
536 2801 645 2865 operas
665 2787 879 2846 aranearum?

101 2866 219 2927 Jnssin'
240 2868 275 2928 in
294 2865 495 2949 splendorem
519 2865 702 2927 dar·i·bullas
723 2867 780 2928 has
797 2867 918 2930 foribus
938 2870 1077 2932 uostris?

102 2948 198 3012 Nihil
221 2962 285 3012 est:
321 2965 489 3033 tamquam
518 2948 697 3011 siolaudus
721 2952 798 3024 sim,
826 2969 904 3022 cum
924 2950 1003 3015 fusti
1025 2968 1072 3017 est
1092 2974 1159 3017 am-

619 3030 818 3092 bulandum!

102 3111 188 3192 Quia
198 3114 343 3177 triduom
359 3114 421 3177 hoc
433 3129 537 3177 unum
552 3112 650 3175 modo
664 3116 734 3177 foro
747 3115 820 3178 dedi
834 3131 968 3197 opatam-
983 3120 1160 3190 adsiduam,

100 3197 370 3275 Dumreperiam
380 3200 435 3280 qui
444 3198 603 3278 quaeritet
610 3211 782 3280 argentum
790 3199 825 3258 iu
832 3199 959 3260 foenus:
970 3201 1023 3259 hic
1031 3219 1082 3262 vos
1099 3221 1161 3278 410

102 3280 264 3344 Dormire
282 3283 404 3345 interea
423 3282 528 3351 domi,
557 3293 651 3426 atquhe
673 3279 769 3341 herus
788 3281 825 3343 itt
845 3281 941 3357 hara,
960 3283 1050 3348 baud
1072 3285 1161 3357 aede,

646 3363 760 3424 abitat!

103 3443 193 3507 Hem
214 3465 288 3527 ergo
309 3445 371 3508 hoc
391 3446 469 3508 tibi!
511 3447 562 3513 Lx¹
585 3447 716 3529 Hospes,
738 3459 771 3508 te
785 3447 925 3521 obsecro,
943 3447 1079 3511 defende
1091 3451 1115 3510 l'

829 3530 921 3593 Meu.
945 3530 1074 3599 Saurea,
1097 3550 1161 3609 oro,

104 3608 338 3685 Meaoausaut
356 3614 477 3678 mittas.
519 3615 577 3677 Ln
591 3613 675 3685 Eho,
699 3613 806 3690 ecquis
821 3633 880 3691 pro
896 3627 1028 3675 vectura
1046 3614 1124 3676 olivi

103 3699 191 3759 Rem
219 3693 332 3758 solvit?
382 3697 442 3761 Le
464 3694 579 3763 Sol-vit,
614 3697 675 3761 Lu.
707 3695 793 3774 Quoi
811 3696 925 3756 dutum
952 3696 1020 3756 est?

762 3778 814 3839 L1.
833 3777 950 3848 Sticho
968 3779 1091 3843 vicario·
1104 3782 1166 3866 ipsi

106 3859 190 3928 Tuo.
1059 3884 1066 3890 ’
1163 3901 1165 3904 -

171 4072 230 4125 411.
257 4059 332 4112 aeda.
362 4059 411 4110 tt:
429 4057 612 4124 actitasset
627 4054 806 4110 claudicante
824 4072 918 4115 versu.
957 4070 1015 4125 414.
1040 4058 1167 4112 Omnino

104 4126 184 4180 melo
202 4124 285 4176 libri:
310 4123 457 4176 Resolvit?
488 4123 533 4175 Lt.
553 4125 671 4177 resoluit.
811 4139 814 4150 ’
