2725 4659
387 325 392 338 ‚
431 274 714 350 MERCATOR.

51 463 227 544 Suspicione
247 455 385 539 inplevit
405 474 458 517 me
478 449 734 538 indignissume!
1042 449 1103 536 735

52 546 189 607 Concivit
209 539 328 604 hostis!
350 569 390 582 -
409 540 500 601 Dum
521 558 605 599 uxor
626 552 673 599 est
693 553 893 600 acerrrnma:

48 626 159 688 lbo'ed
178 625 286 685 forum
306 636 401 704 atque
422 621 624 702 Demiphoni
643 619 722 680 haec
735 620 887 698 eloquar,

48 711 103 771 Me
122 713 219 784 istanc
241 706 355 784 capillo
377 716 616 784 protracturum
637 723 704 766 esse
723 703 761 786 in
782 704 894 784 viam„
920 779 923 784 ἡ

48 792 118 853 Nisi
135 790 210 850 hinc
231 788 383 860 abducit,
404 806 466 869 quo
487 786 572 860 volt,
593 805 635 846 ex
655 783 743 844 hisce
764 783 903 845 aedibus.

48 874 151 945 Uxor,
171 871 268 942 heus,
291 889 387 941 uxor,
409 887 604 949 quamquam
624 881 661 928 tu
681 869 761 926 irata
781 885 814 926 es
835 865 929 939 mihi,
1044 887 1104 949 79⁰

48 953 175 1027 lubeas,
196 955 221 1015 si
242 955 361 1033 sapias,
383 950 463 1012 haec
483 952 568 1014 intro
589 950 669 1010 hinc
690 949 863 1010 auferriers

48 1036 164 1100 Eadem
182 1035 294 1097 licebit
315 1054 394 1096 mox
414 1052 549 1095 coenare
570 1035 701 1095 rectius.
742 1098 744 1102 ,

470 1183 676 1197 W

327 1314 469 1376 SYRA.
533 1309 824 1376 EUTYCHUS.

48 1433 99 1495 Su.
116 1430 201 1493 Hera
216 1449 278 1509 quo
296 1451 349 1492 me
357 1432 459 1502 misit,
475 1427 666 1507 aripennem,
681 1441 808 1488 nonest
823 1425 925 1491 domi:
946 1426 1002 1491 is.
1013 1428 1067 1505 lv,
1074 1448 1104 1509 5.

48 1515 110 1575 Rus
129 1515 240 1575 abiisse
260 1513 378 1576 aibant.
420 1512 517 1574 Nunc
539 1509 674 1579 domum
695 1511 857 1571 renuntio.

48 1599 173 1658 Ecastor
192 1597 264 1677 lege
284 1594 365 1654 dura
387 1596 495 1656 vivont
515 1592 668 1654 mulieres
1043 1610 1106 1675 795

48 1674 212 1756 Multoque
231 1674 392 1757 iniquiore
413 1677 569 1743 miserae,
591 1692 689 1752 quam
710 1675 781 1734 viri.

48 1763 127 1822 Nem
146 1761 194 1820 vir
214 1761 241 1818 si
261 1772 404 1819 scortum
425 1757 519 1817 duxit
541 1755 626 1815 clam
645 1774 785 1815 uxorem
805 1773 913 1817 suamc

48 1842 79 1900 [a
98 1842 125 1901 si
144 1840 275 1901 rescivit
293 1858 397 1912 uxor,
418 1840 541 1916 inpune
561 1848 611 1895 est
631 1838 710 1896 viro.

48 1922 132 1983 Uxor
151 1925 216 1983 viro
238 1922 264 1982 si
284 1921 369 1980 clam
390 1921 484 1980 domo
505 1936 633 1999 egressa
653 1931 702 1977 est
721 1918 825 1986 forest

48 2007 114 2067 liro
133 2003 171 2065 fit
191 2020 302 2072 cansa,
325 2003 468 2085 exigitur
478 2002 715 2062 matrimonio·
1027 2018 1105 2080 Ι800

48 2088 173 2149 Ἱῐίῐιαω
193 2083 249 2145 lex
269 2097 352 2147 esset
370 2085 500 2155 eudem,
523 2100 604 2162 quae
620 2081 718 2142 uxori
732 2096 796 2155 est,
818 2084 907 2147 vito!

48 2170 127 2230 >lam
149 2187 231 2230 uxor
251 2180 403 2227 contente
425 2181 490 2239 est,
512 2184 594 2244 quae
614 2164 701 2224 bone
718 2178 785 2237 est,
806 2187 872 2228 uno
888 2164 981 2237 uinis
1036 2195 1040 2202 ¹

48 2253 106 2331 Qui
126 2252 234 2311 minus
255 2250 306 2309 vir
326 2268 391 2310 una
411 2268 510 2310 uxore
529 2260 704 2309 contentus
725 2249 807 2310 siet?

48 2336 170 2395 icastor
190 2332 313 2403 faxim,
335 2334 362 2391 si
380 2332 497 2393 itidem
517 2331 706 2411 plectantur?
722 2331 793 2403 uiri,
850 2387 853 2394 ,
908 2388 912 2394 ,
1029 2389 1031 2392 ,

48 2417 72 2476 ii
94 2417 164 2497 quis
185 2414 270 2473 clam
291 2432 392 2474 uxore
410 2414 543 2474 ‘duxerit
562 2425 706 2472 scortum
728 2432 794 2482 sua,
1042 2432 1106 2503 805

49 2499 86 2559 Jt
107 2498 184 2558 illae
206 2497 398 2577 exiguntur,
420 2516 501 2577 quae
521 2496 558 2554 in
578 2514 611 2554 se
628 2493 765 2574 culpam
785 2514 986 2577 consuerent,
1074 2552 1076 2556 ,

49 2581 153 2644 ,³lures
176 2578 237 2638 viri
259 2579 322 2638 sint
344 2578 449 2651 vidui,
472 2597 568 2659 quam
588 2593 677 2636 nunc
698 2577 863 2644 mulieres.

49 2664 99 2723 iu.
122 2659 274 2720 Defessus
294 2679 366 2721 sum
388 2660 505 2721 urbem
523 2665 872 2742 totam-pervenerier3

49 2742 132 2805 iihil
152 2743 313 2825 investigo
334 2742 511 2824 quidquem
531 2742 570 2802 de
588 2742 648 2802 illa
669 2743 818 2806 muliere.

49 2824 103 2885 led
124 2838 234 2885 meter
252 2843 327 2886 rure
347 2824 460 2887 rediise
481 2845 560 2886 nam
580 2824 676 2885 uideo
698 2823 811 2904 Syram
894 2819 900 2836 ’
967 2849 969 2853 ·
1043 2844 1104 2903 310

49 2908 172 2968 ldstsre
194 2920 269 2967 ente
290 2907 383 2970 aedis.
412 2905 506 2985 Syra!
548 2906 601 2969 Sr.
627 2907 708 2987 Quis
729 2922 793 2979 est,
815 2913 870 2989 qui
889 2933 943 2974 me
963 2917 1077 2983 vocat?

49 2994 97 3052 iu.
112 2989 222 3050 Herus
235 3001 331 3068 atque
344 2991 496 3053 alumnus
511 3002 582 3051 tuos
596 3008 681 3050 sume
711 2987 763 3050 Sr.
778 2990 882 3065 Salve,
897 2998 1029 3061 alumne
1043 3003 1101 3064 mi.
1116 3006 1118 3010 ’

49 3077 95 3135 lu.
118 3072 195 3133 lam
214 3086 319 3135 mater
338 3091 415 3133 rure
435 3071 554 3139 rediit?
584 3069 739 3151 responde
759 3073 853 3137 mihi.

49 3161 87 3216 or.
112 3154 201 3215 Cum
223 3154 354 3233 quidem
375 3154 477 3215 salute
497 3154 635 3215 familiai
654 3174 819 3221 maxuma.

49 3237 94 3299 iu.
106 3236 198 3316 Quid
215 3239 297 3298 istuc
311 3238 426 3318 negoti
439 3238 508 3296 est?
543 3234 597 3297 Sr.
610 3236 698 3297 Tuos
715 3250 804 3318 pater
816 3240 1023 3305 bellissumus
1043 3259 1104 3326 815

49 3321 191 3380 rmicam
211 3319 346 3381 adduxit
364 3323 451 3380 intro
472 3322 510 3379 in
528 3320 623 3382 aedis.
665 3322 726 3382 Er.
750 3324 942 3401 Quomodo?

49 3407 87 3461 tr.
112 3400 299 3462 Adveniens
320 3420 397 3464 rure
417 3414 523 3462 mater
544 3422 617 3463 earn
638 3402 785 3464 obfendit
805 3406 903 3470 domi.

49 3486 95 3544 iu.
119 3482 183 3545 Pol
203 3481 292 3545 hausi
311 3481 484 3545 censebam
503 3485 637 3545 istarum
657 3506 725 3548 esse
746 3506 916 3566 operarum
937 3502 1084 3570 patrem..

49 3569 147 3630 ltiem
167 3584 256 3626 nunc
275 3567 395 3628 mulier
413 3564 537 3631 intueti
579 3566 632 3629 Su.
654 3569 774 3631 Etiam.
795 3569 855 3633 Eu.
877 3572 1017 3653 Sequere
1039 3596 1104 3642 me.

100 3741 163 3811 786.
188 3742 237 3795 Vc
262 3741 336 3792 domi
350 3758 427 3793 uxor.
476 3755 528 3814 795
543 3773 575 3785 -
590 3752 650 3813 8⁰7·
675 3741 764 3812 vulgo
786 3753 853 3797 ente
869 3755 927 3809 820.
952 3746 1100 3817 leguntur,

49 3825 176 3879 inquam
193 3824 277 3860 scene
292 3807 457 3878 peculiaris.
507 3817 565 3874 805.
582 3811 634 3861 V..·
652 3829 763 3864 uxorem
780 3830 868 3879 suam,
885 3831 916 3867 nr
932 3814 1102 3878 litterapfre.

49 3876 201 3927 nentiore.
252 3882 310 3940 814·
336 3876 382 3928 V*
410 3873 466 3927 ἕνα
484 3878 549 3944 quid
566 3894 588 3928 s·
614 3895 647 3929 ac
657 3877 846 3944 familinem.
874 3879 955 3934 MSS.
977 3891 1008 3934 el
1033 3894 1101 3939 velt.

50 3941 114 3996 tus
134 3942 204 3993 Cum
222 3960 246 4011 q.
265 3959 288 3996 s.
307 3943 419 4014 afim.
446 3971 449 3982 ⁴
