2725 4659
411 291 428 374 ἰὶ
484 273 711 347 'CAPTIVL
768 364 772 370 ⁸
883 308 886 314 ·
1067 298 1140 371 217

20 517 26 528 ,
75 458 304 540 confidentem
325 477 391 519 esse
412 459 504 516 suo'm
524 453 611 537 apud
631 452 749 516 herum
769 456 998 537 potissumum.

72 542 118 606 H.
140 543 337 624 Adstringite
357 541 424 610 isti,
446 538 551 608 sultis,
573 535 787 598 vehementer
807 543 940 599 manus!

71 625 114 687 Τ.
137 626 224 686 Tuos
246 625 337 696 siam:
358 635 398 682 tu
419 621 476 681 has
497 620 630 697 quidem
648 621 704 679 uel
724 622 865 698 praecidi
886 622 981 696 jube!

71 708 139 770 Sed
157 708 234 788 quid
247 707 309 765 hoc
326 707 439 787 negoti
455 715 513 771 est,
531 703 740 782 quamobrem
753 721 915 764 suscenses
930 703 1038 767 mihi?
1078 715 1142 787 595
1200 731 1202 736 ·

72 788 117 852 H.
143 790 230 869 Quia
250 807 304 848 me
324 805 495 865 meamque
515 805 597 855 rem,
621 784 708 864 quod
727 799 762 846 te
782 789 818 848 in
838 804 905 847 uno
924 787 1020 863 fuit,

72 873 159 933 Tuis
177 871 317 931 scelestis
337 868 494 934 falsidicis
515 867 648 926 fallaciis

72 954 318 1021 Delaceravisti,
340 951 607 1025 deartuavistique
629 970 714 1029 opes.
771 1007 773 1012 s
846 987 849 996 ι

72 1036 255 1097 Confecisti
276 1036 380 1094 omnis
402 1051 450 1094 res
471 1051 511 1091 ac
528 1034 668 1091 rationes
689 1052 798 1094 meas:

71 1119 130 1180 Ita
149 1121 197 1179 mi
218 1118 365 1177 exemisti
385 1115 608 1177 Philocratem
620 1113 768 1177 fallaciis.

71 1203 182 1262 Illum
206 1218 272 1260 esse
292 1219 417 1259 servom
437 1196 566 1270 credidi,
588 1209 621 1256 te
641 1196 801 1261 liberums

73 1283 130 1346 Ita
150 1296 271 1344 vosmet
293 1282 436 1355 alebatis,
457 1282 567 1360 itaque
587 1282 722 1340 nomina

72 1367 168 1426 Inter
190 1386 244 1425 vos
264 1362 481 1443 permutastis.
501 1360 561 1422 Τ.
582 1362 707 1435 Fateor,
723 1365 839 1424 omnia

71 1450 176 1511 Facta
198 1468 262 1509 esse
283 1450 339 1518 ita,
360 1459 398 1507 ut
418 1458 455 1505 tu
475 1445 566 1517 dicis,
588 1457 622 1504 et
642 1445 776 1505 fallaciis

70 1532 200 1593 Abiisse
223 1549 299 1590 eum
322 1529 429 1611 abste
451 1545 525 1588 mea
547 1546 645 1607 opera
663 1542 761 1606 atque
782 1532 906 1593 astutia.
1034 1553 1037 1558 ·
1082 1531 1147 1611 605

71 1615 139 1682 An,
161 1615 292 1673 obsecro
313 1610 424 1671 hercle
446 1624 492 1680 te,
512 1609 547 1668 id
568 1629 655 1669 nunc
683 1614 968 1675 suscensesmihi?

71 1696 119 1757 H.
141 1699 182 1755 At
203 1715 280 1756 cum
300 1695 444 1754 cruciatu
465 1711 622 1752 maxumo
643 1693 679 1752 id
698 1694 822 1755 iactum
843 1712 890 1756 est
912 1711 978 1759 tuo.

72 1779 122 1839 Τ.
138 1779 228 1839 Dum
248 1796 290 1836 ne
312 1776 353 1835 ob
373 1776 543 1836 malefacta
563 1780 705 1853 pereani,
727 1780 818 1856 parvi
839 1782 1009 1844 existumo.
1074 1803 1078 1819 ³
1175 1806 1177 1812 ¹

74 1860 270 1943 Siegorlric
332 1859 403 1918 ribo
424 1871 521 1934 atque
541 1858 610 1926 ille,
632 1872 669 1918 ut
691 1857 785 1930 dixit,
806 1862 1014 1924 nonreditz‘
1088 1889 1091 1896 =
1198 1855 1205 1872 ¹

74 1951 123 2005 'At
143 1945 204 2003 e'rit
225 1945 273 2001 mi
318 1960 354 1998 oc
374 1941 644 2024 factummortuo
666 1942 888 2012 memorabile,
1082 1945 1147 2011 διο

74 2028 206 2087 Herum
228 2045 282 2086 me
303 2036 431 2102 captum
455 2043 496 2083 ex
516 2025 665 2082 servitute
687 2036 783 2102 atque
803 2023 953 2085 hostibus

76 2108 247 2179 Reducem
266 2106 379 2168 fecisse
400 2104 541 2165 liberum
560 2107 596 2165 in
616 2106 757 2183 patriam
777 2109 819 2168 ad
837 2121 975 2188 patrem,
998 2157 1000 2160 .
1068 2125 1074 2134 ’

75 2189 260 2266 Meumque
281 2190 387 2269 potius
408 2207 463 2252 me
484 2200 580 2267 caput
599 2187 745 2268 periculo
802 2265 804 2268 ι
849 2212 853 2219 ·

78 2274 332 2353 Praecptavisse,
355 2290 452 2351 quam
474 2273 499 2329 is
520 2269 647 2350 periret,
669 2289 798 2348 ponere.
928 2333 932 2338 ,
1089 2314 1092 2326 .

72 2356 123 2418 «Η.
147 2359 257 2417 Facito
280 2361 425 2432 er‘gosut
446 2352 626 2412 Acherunti
646 2354 753 2412 clueas
775 2353 896 2434 gloria!
1027 2415 1029 2418 ,
1086 2360 1150 2441 ⁶¹6
1226 2369 1230 2377 ’

77 2439 120 2499 Τ.
145 2438 212 2517 Qui
233 2457 290 2515 per
310 2438 466 2496 virtutem
487 2433 639 2513 perbitat,
660 2454 726 2494 non
747 2438 869 2495 interit.

80 2521 126 2582 H.
151 2519 286 2600 Quando
308 2539 367 2599 ego
388 2531 420 2577 te
442 2516 601 2606 exemplis
622 2517 821 2577 excruciasso
844 2522 1001 2597 pessumis

76 2613 192 2682 Atque
212 2602 252 2661 ob
273 2601 391 2662 sutelas
412 2615 483 2661 tuas
503 2613 536 2660 te
556 2600 655 2661 morti
676 2601 810 2659 misero:

78 2687 145 2746 Vel
165 2699 197 2744 te
219 2685 366 2750 interisse
387 2683 438 2742 vel
459 2684 577 2762 perisse
597 2682 804 2763 praedicent!

78 2764 181 2830 Dum'
195 2786 322 2847 pereas:
345 2765 428 2826 nihil
451 2765 615 2838 interduo,
636 2764 746 2824 dicant
769 2767 889 2827 vivere!
1086 2775 1149 2839 620

80 2852 123 2911 Τ.
144 2850 203 2910 Pol
224 2852 249 2909 si
270 2852 353 2909 istuc
372 2850 475 2910 faxisx
496 2847 583 2907 haud
605 2851 674 2908 sine
695 2867 799 2927 poena
818 2849 944 2921 feceris,

80 2934 117 2996 Si
137 2932 194 2991 ille
215 2932 280 2999 huc
299 2931 430 3002 redibit,
452 2931 535 2992 sicut
557 2929 685 2994 confido
707 2930 826 2993 adfore.

76 3023 119 3081 A.
142 3015 229 3076 Proh
250 3014 282 3075 di
303 3012 501 3082 inmortales,
523 3032 610 3072 nunc
632 3033 649 3073 e
673 3032 691 3070 ο
713 3025 819 3084 teneo,
840 3032 928 3073 nunc
952 3007 1037 3093 scio,

83 3097 177 3180 Quid
198 3097 260 3156 hoc
282 3097 323 3159 sit
344 3096 476 3178 negoti:
497 3114 589 3158 meus
610 3033 728 3156 socialis
748 3096 945 3158 Philocrates

82 3183 128 3243 In
150 3180 295 3240 libertate
317 3193 365 3239 est
382 3177 420 3237 ed
441 3189 566 3256 patrem
587 3178 622 3237 in
643 3179 757 3256 patria.
799 3177 889 3238 Bene
905 3193 964 3252 est,
1088 3188 1151 3266 625
1212 3219 1222 3241 .

80 3267 156 3328 Nec
177 3263 345 3344 quisquam
366 3274 415 3321 est
434 3258 520 3320 mihi
541 3276 641 3338 aeque
657 3258 775 3321 melius
789 3265 865 3341 quoi
884 3263 999 3324 velim!

134 3431 683 3507 v5911..Itacodd.Gifan.,nostri,Palatt.
698 3434 745 3487 Vn
766 3436 796 3487 Τ.
811 3453 844 3500 s.,
859 3450 923 3490 tuas
936 3438 1042 3510 quidem
1057 3456 1081 3492 v.
1095 3457 1121 3508 p.
1130 3440 1149 3494 i.

81 3506 145 3578 596.
162 3506 288 3573 Elegans
309 3502 397 3556 lectio
413 3500 597 3556 Leidensium
614 3503 647 3567 B,
666 3503 699 3567 C,
722 3516 750 3554 et
772 3504 847 3576 Voss.
870 3505 904 3560 B.
915 3507 965 3557 ve
988 3505 1017 3555 in
1041 3518 1075 3555 tc.
1112 3506 1151 3559 Ta

82 3575 140 3628 sub
157 3574 219 3626 ictu
257 3570 362 3622 ositum
380 3584 439 3621 non
455 3567 598 3636 liquescit.
647 3566 706 3627 603.
724 3569 771 3625 vn
787 3572 868 3640 parvi
884 3585 1014 3621 nestumo.
1033 3567 1172 3629 Gueli.t⁴
1229 3575 1238 3592 ⁴

83 3655 205 3703 entismo,
256 3650 351 3688 onam
370 3636 478 3688 extimo.
513 3631 586 3708 '⁶09·
603 3634 658 3690 Pto
677 3648 756 3704 atque
773 3635 861 3704 vulgo
877 3635 986 3704 legitur
1004 3653 1056 3699 ast,
1073 3638 1152 3706 quod

82 3708 135 3762 vix
151 3706 241 3760 latine
259 3702 317 3755 dici
340 3710 426 3770 puto,
449 3708 527 3752 certe
543 3699 634 3767 mele,
652 3717 720 3752 cum
737 3704 771 3752 At
793 3710 938 3770 sequatur.
961 3703 1062 3756 Lantb.
1087 3701 1151 3758 olii.
1205 3715 1220 3724 „

82 3787 159 3848 que:
174 3784 200 3823 et
233 3771 329 3822 trev.
343 3766 480 3822 nonaliso
493 3764 601 3818 nullius
613 3766 749 3838 ponderis
762 3769 847 3822 verbo
864 3769 977 3823 Meum:
991 3771 1086 3821 ilicum
1104 3773 1151 3824 he·

82 3858 147 3895 rum
170 3850 288 3906 captum.
344 3833 403 3884 616.
427 3833 471 3885 Ite
495 3832 574 3886 Cam.
599 3842 627 3888 et
650 3831 723 3886 Scal.
742 3836 788 3886 V.:
812 3836 921 3902 peritas,
940 3836 1040 3894 hiante
1057 3847 1185 3892 versu..t

83 3911 205 3973 Argent.
224 3920 248 3955 a.
265 3914 335 3970 1514.
353 3899 484 3976 aliaeque
501 3897 658 3954 nonnullae
670 3899 751 3954 edd:
769 3904 879 3967 periret,
897 3903 930 3956 ir.
963 3902 1020 3971 617.
1039 3906 1069 3956 V.
1083 3906 1152 3959 hor.

81 3974 156 4030 ridis
173 3970 317 4026 numeris;
336 3983 535 4021 excruciavero.
552 3964 691 4018 Bosscha:
711 3969 885 4034 excruciare,
903 3985 976 4038 quae
992 3973 1152 4025 contractio

80 4040 182 4096 minus
199 4036 306 4087 usitata
321 4031 475 4086 veteribus.
525 4029 583 4099 624.
601 4031 651 4085 Sia
664 4033 788 4091 Helmst.
805 4035 856 4088 V·:
879 4035 914 4109 Q.
932 4037 1046 4094 sithoc.
1094 4036 1149 4094 626,

80 4110 131 4163 Sic
147 4106 212 4159 sere
228 4101 309 4176 MSS.
327 4102 377 4156 Vn
395 4099 433 4154 Ν.
452 4113 495 4155 est
512 4115 555 4176 qu.
571 4099 648 4154 milri.
1164 4091 1170 4104 ”

1162 4181 1170 4204 a

1162 4208 1178 4280 t,
