2725 4659
452 251 753 327 rotumam
998 209 999 212 ‘
1061 283 1136 353 ιη.

243 503 248 513 ’
300 511 545 587 uocato
599 486 981 614 couorro''

69 684 132 747 Etr.
154 684 258 748 Redi!
274 701 343 767 -quo
359 682 445 765 fugis
459 682 573 744 nunc?
593 696 689 757 tene,
709 686 804 746 tene!
826 685 883 748 Co.
895 685 982 764 Quid
999 688 1124 759 stolide,

585 768 729 828 clamas?
831 771 854 828 i.
867 781 908 831 tr.
924 769 959 829 h.
974 769 1072 848 111‚7

65 848 128 912 Eu.
151 847 294 927 Quiaaa
308 846 467 911 Trisviros
479 850 546 927 jam
567 868 625 933 ego
647 849 792 910 deferam
812 863 906 911 tuom
925 872 1056 913 nomen.
1080 872 1085 880 ·
1112 889 1118 906 .

138 929 142 938 '
477 996 481 1003 ,
706 931 762 994 Co.
783 933 1023 1011 Quamobrem?
1064 955 1125 1013 37⁰

62 1012 127 1075 Eo.
163 1012 250 1094 Quia
282 1009 425 1075 cultrum
457 1012 567 1077 habes.
622 1013 681 1077 Co.
719 1014 843 1075 Cocum
880 1014 983 1076 decet.

235 1139 240 1150 .
315 1095 318 1104 '
515 1127 517 1131 v
728 1097 789 1159 Eo.
814 1097 900 1175 Quia
921 1097 1126 1160 conminatus

59 1176 165 1240 Mihi.
207 1176 264 1238 Co.
285 1176 371 1238 Istuc
392 1174 605 1239 malefactum
617 1178 763 1251 arbitror,
779 1182 934 1258 quianon
949 1180 1033 1241 latus
1047 1180 1136 1241 fodi·

59 1259 127 1324 Eu.
148 1259 256 1322 Homo
277 1261 402 1320 nullust
422 1273 455 1320 te
475 1261 638 1324 scelestior
658 1265 715 1341 qui
735 1266 819 1323 vivet
839 1262 949 1333 hodie,
1102 1287 1106 1292 ·
1131 1283 1134 1288 ·

60 1347 180 1422 Neque
201 1344 283 1423 quoi.
297 1343 337 1402 de
347 1341 515 1403 industria
536 1362 595 1425 ego
610 1346 748 1425 amplius
764 1346 853 1405 male
868 1344 986 1406 lubens
999 1345 1125 1408 faxim!

61 1426 124 1488 Pol
145 1427 171 1486 si
190 1440 304 1498 taceas,
324 1425 431 1505 palam
451 1424 486 1485 id
500 1425 631 1507 quidem
649 1441 712 1489 est:
734 1433 785 1486 ‘res
805 1429 874 1507 ipsa
895 1432 1000 1489 testis:
1063 1442 1127 1506 575

63 1510 114 1569 Ita
133 1507 269 1569 fustibus
288 1507 421 1581 mollior
439 1508 538 1568 miser
558 1529 654 1592 mage
675 1529 775 1589 quam
794 1508 881 1569 ullus
903 1508 1066 1572 cinaedus.

65 1591 123 1651 Co.
140 1590 201 1650 Sed
215 1590 294 1669 quid
312 1588 374 1650 tibi
391 1606 451 1649 nos
471 1591 569 1652 tactio
583 1607 641 1665 est,
653 1592 801 1655 mendice
815 1591 935 1652 homo?
957 1592 1124 1673 quaeres?

64 1676 127 1736 Eo.
142 1672 250 1734 Etiam
263 1673 382 1754 rogas?
397 1690 450 1741 an,
464 1675 539 1752 quia
552 1676 674 1746 minus,
690 1694 788 1755 quam
805 1686 874 1734 erat
889 1694 1027 1756 aequom
1034 1675 1123 1735 ieci?

66 1755 158 1818 Sine!
201 1756 260 1817 Co.
279 1759 324 1815 At
337 1753 449 1815 hercle
471 1774 548 1817 cum
563 1778 684 1840 magno
708 1757 796 1819 malo
812 1770 880 1832 tuo,
902 1761 930 1821 si
945 1758 1007 1819 hoc
1026 1768 1124 1837 caput

576 1843 692 1901 sentit!

64 1924 124 1985 Eo.
145 1918 205 1982 Pol
229 1927 289 2004 ego
307 1918 396 1980 haud
412 1922 487 1995 scio,
508 1922 585 2003 quid
607 1935 678 2002 post
694 1921 779 1983 fuat:
801 1935 896 1984 tuom
915 1939 1004 1983 nuno
1026 1932 1124 2003 caput

579 2007 695 2066 sentit!
1061 2012 1123 2082 58⁰

64 2084 126 2147 Sed
145 2088 182 2148 in
200 2085 331 2149 aedibus
352 2085 430 2167 quiri
450 2086 510 2147 tibi
523 2088 610 2149 meis
630 2106 708 2148 nam
734 2098 800 2148 erat
820 2087 934 2229 negoti
967 2134 969 2138 .

63 2169 121 2231 Me
137 2167 278 2242 absente,
299 2171 364 2229 uisi
379 2189 438 2251 ego
452 2169 624 2244 jusseram?
646 2169 727 2230 Volo
741 2169 832 2229 scire.
889 2215 898 2233 .
920 2170 1007 2229 Tace
1024 2185 1120 2250 ergot

65 2252 151 2331 Quia
171 2254 318 2314 venimus
344 2264 472 2314 coctum
492 2252 534 2313 ad
551 2254 691 2330 nuptias.
722 2253 782 2338 Eu.
804 2252 890 2330 Quid
909 2264 965 2322 tu,
986 2249 1121 2323 maium,
1144 2299 1148 2306 .

575 2353 678 2408 ouras,

61 2417 133 2498 Ego
152 2429 266 2478 utrum
286 2416 424 2477 crudum
445 2428 632 2478 an.cootum
652 2416 749 2487 edim,
770 2415 835 2478 nisi
847 2428 883 2477 tu
897 2415 947 2478 mi
961 2435 993 2475 es
1010 2414 1122 2480 tutor?

64 2500 101 2561 G.
135 2500 213 2563 Volo
246 2500 348 2574 scire,
383 2499 484 2571 sinas,
515 2516 558 2560 an
584 2518 650 2558 non
680 2501 780 2571 sinas,
814 2518 874 2568 nos
903 2515 1040 2576 coquere
1066 2497 1121 2556 hic

577 2582 736 2648 coenam?
1057 2590 1126 2659 585·

63 2668 125 2728 En.
146 2663 225 2725 Volo
246 2664 325 2724 scire
345 2663 425 2724 item
446 2684 517 2747 ego,
537 2667 664 2726 meaen’
688 2664 775 2726 domi
795 2684 868 2725 mea
886 2664 969 2723 salva
984 2664 1119 2724 futura?

64 2748 102 2812 C.
123 2747 257 2809 Utinam
280 2747 424 2807 auferam
438 2748 552 2818 modo,
575 2766 657 2827 quae
677 2748 782 2820 attuli,
803 2746 886 2810 mihi
904 2766 978 2808 mea
998 2747 1098 2806 salva!

62 2829 134 2893 Mei
154 2828 242 2893 haud
261 2830 420 2910 poenitet:
441 2843 540 2892 tuane
559 2831 736 2909 expetam?
772 2827 945 2891 Euscio:
965 2847 1008 2890 ne
1024 2828 1117 2892 doce!
1229 2888 1233 2896 ,

574 2914 678 2978 novil

16 3135 22 3148 ‚
127 3105 186 3161 371.
203 3092 253 3143 V.:
281 3090 356 3159 Quid
375 3091 553 3143 comminatus
576 3087 667 3141 mihi?
748 3105 773 3156 4.
796 3091 846 3145 Va
870 3088 908 3140 N.
934 3091 979 3141 oui
996 3088 1128 3204 (Lanqg.

79 3161 137 3223 noi)
156 3175 205 3223 ego
222 3159 256 3209 de
274 3158 331 3210 ind.
350 3160 433 3226 ampl.
451 3159 523 3210 male
540 3155 651 3226 (Guell.
669 3104 749 3223 mnlg
764 3154 927 3216 Helmstad„
940 3157 1034 3220 males)
1055 3172 1120 3223 pus

60 3177 158 3281 lubens
169 3224 201 3294 s.
217 3223 366 3277 Glossema
388 3233 431 3276 est
447 3226 519 3295 plus.
569 3236 629 3291 375.
645 3221 728 3276 Libri
743 3239 865 3284 numero
882 3222 1048 3275 durissimo:
1066 3221 1119 3272 Pol

60 3295 115 3344 etsi
132 3305 186 3342 tac.
202 3289 265 3342 vid.
282 3292 365 3343 Parei
377 3290 459 3343 lexic.
477 3290 572 3343 Plaut.
591 3305 618 3340 v.
635 3286 666 3340 si
677 3304 729 3358 pro
746 3290 816 3341 Etsi.
849 3290 907 3358 376.
924 3292 972 3349 Va,
989 3292 1014 3346 Ι,
1022 3289 1118 3354 fisum

60 3358 138 3411 moll.
156 3356 355 3409 sabaudienda
372 3356 486 3427 copula,
502 3358 577 3408 sicut
630 3355 708 3407 ssim.
731 3356 835 3409 Nescio
847 3360 911 3425 quis
923 3356 1021 3419 codex,
1037 3352 1118 3415 cujus

59 3423 195 3504 meminit
215 3426 276 3475 lan.
295 3423 440 3498 Gebhard.
458 3425 526 3488 Anti
548 3439 574 3503 u.
618 3431 687 3490 ectt.
705 3440 729 3488 1,
745 3431 769 3482 8.
779 3440 795 3502 2⁸
804 3424 960 3502 sabinellae,
976 3419 1055 3499 quod
1064 3417 1119 3495 ille

58 3490 412 3626 illitterati?
425 3488 649 3635 §giusta
668 3487 832 3609 {itit}
849 3489 978 3611 litis?
986 3493 1119 3616 aiiii}

58 3634 158 3677 tamen
181 3630 231 3675 est·
245 3620 321 3686 illua
337 3622 417 3688 serbi
433 3621 577 3692 siquidem
592 3639 670 3694 nunc
685 3623 770 3675 homo
787 3620 989 3691 nonrapulut,
1005 3570 1055 3670 soil
1072 3634 1119 3669 va·

59 3689 175 3768 pulavit
191 3688 225 3741 ab
242 3688 391 3754 Euclione,
409 3691 628 3760 verberatusque
643 3690 766 3757 aufugit.
786 3690 859 3758 Quo,
876 3689 985 3758 igitur,
1004 3700 1118 3754 quaeso,

59 3774 92 3808 rn
105 3774 138 3808 re
150 3763 215 3808 eota
226 3762 340 3826 tempus
351 3757 505 3824 praesens?
537 3765 594 3825 328.
612 3757 660 3807 νη
678 3759 805 3826 rogitas?
821 3758 901 3823 [ang
924 3771 946 3807 ,ι
965 3767 1023 3805 erat
1040 3769 1120 3820 aequ.

60 3824 111 3882 νη
130 3840 209 3891 aequ,
228 3836 294 3884 erat.
345 3832 403 3891 530.
427 3823 474 3874 tt:
491 3821 558 3892 fiat.
577 3831 765 3874 correxerunt
787 3820 853 3875 alii:
870 3770 927 3876 vii.
943 3821 1066 3887 Pareus,
1091 3826 1121 3870 et

59 3889 96 3941 cf.
114 3903 173 3956 559.
224 3897 282 3955 584.
299 3891 358 3956 Ego
373 3906 432 3941 non
454 3888 564 3957 legitur
586 3890 617 3940 in
639 3888 764 3960 vulgatis
785 3889 880 3953 libris,
903 3888 1045 3958 Langieni
1068 3885 1122 3940 ha-

58 3956 130 4008 bent
147 3963 352 4023 postremum,
368 3973 419 4008 suo
436 3954 500 4007 loco
516 3956 621 4024 posuit.
637 3953 717 4009 Reiz.
741 3972 766 4006 a.
802 3994 808 4008 .
827 3954 862 4006 G.
876 3955 1032 4008 Hermann.
1049 3952 1122 4005 libri

56 4022 92 4084 sie
109 4022 213 4084 metris
225 4038 252 4090 p.
269 4038 323 4089 171.
357 4021 413 4140 286.
427 4024 476 4076 V.:
494 4040 569 4073 meae
587 4025 723 4074 damtune
735 4040 758 4077 s.
789 4059 795 4072 .
812 4019 893 4096 MSS
908 4022 969 4082 fero
987 4040 1047 4073 mea
1058 4035 1127 4090 pro·¹

56 4107 162 4141 meane.
171 4099 230 4156 388.
239 4079 288 4146 ve
302 4089 349 4140 Me
379 4127 384 4139 .
392 4109 420 4158 p.
433 4090 543 4141 Camer.
553 4089 681 4141 malebat
694 4089 788 4140 Meum
794 4105 848 4160 pro
859 4089 1003 4162 Meorum.
1011 4090 1112 4157 cem
