2725 4659
236 311 285 363 so
574 282 630 354 M.
680 288 728 359 A.
776 280 960 355 PLAUTI

241 466 461 544 Quamquam,
481 473 521 525 nt
540 460 732 538 jamdudum
753 460 835 535 dixi,
854 464 1005 525 resciscet
1025 472 1138 523 tamen

236 546 432 625 Amphitruo
453 563 523 606 rem
541 562 683 606 omnem.
716 546 803 626 Quid
824 547 946 627 igitur?
968 563 1066 606 nemo
1086 543 1120 605 id
1139 541 1258 624 probro

236 629 388 695 Profecto
410 627 507 688 ducet
527 628 737 692 neumenia.
779 628 868 690 Nam
888 632 987 693 deum

236 709 313 773 Non
333 727 390 792 par
408 710 539 785 videtur,
552 710 678 780 iacere,
707 710 865 773 delictum
886 729 979 772 suom
1239 721 1304 789 340

236 792 400 871 tuamque
418 804 457 853 ut
476 793 606 873 culpam
626 805 779 872 expetere
799 796 835 853 in
852 793 1029 856 mortalem
1048 793 1142 859 urat.

299 874 489 937 Orationem
509 876 730 956 conprimam:
751 877 875 955 crepuit
894 875 981 934 foris.

237 956 431 1039 Amphitruo
452 955 646 1028 subditivos,
669 979 799 1030 eccum,
815 958 885 1020 exis
902 954 988 1016 torar
1082 1033 1084 1035 Ι

238 1040 324 1105 Cum
344 1040 542 1116 Alcumena,
560 1058 664 1102 uxore
692 1040 845 1103 usuraria

577 1237 582 1246 .
627 1223 907 1253 ...ομ-Ἀ

255 1379 258 1386 ⁴
297 1418 529 1486 romana.
569 1414 875 1482 reaumaus.
917 1412 1246 1486 uaacuarus

167 1617 170 1622 ·
236 1584 289 1651 Jo.
330 1584 419 1646 Bane
441 1583 531 1656 vala,
558 1581 754 1646 Alcumena!
784 1600 861 1642 cura
880 1602 951 1645 rem
971 1601 1192 1656 communem,
1213 1582 1304 1662 quod

489 1675 491 1678 ·
751 1664 841 1736 lacis,
997 1678 1021 1727 t.
1038 1678 1060 1724 t.
1074 1685 1104 1726 c.
1119 1665 1146 1741 1,
1162 1684 1194 1726 a.
1237 1681 1302 1742 545

236 1748 342 1825 Atque
362 1747 503 1826 inperce,
526 1766 659 1827 quaeso:
681 1749 801 1809 mensis
821 1747 888 1822 jam
907 1747 970 1808 tibi
988 1761 1117 1808 exactos
1139 1745 1238 1809 vides.

235 1826 325 1889 Mihi
340 1847 468 1889 necesse
489 1841 538 1890 est
552 1831 598 1890 ire
619 1828 716 1898 hinc;
738 1847 849 1890 varum
863 1841 977 1890 natum
987 1828 1074 1909 quod
1089 1831 1161 1902 erit,
1180 1829 1299 1892 tollito.

236 1912 296 1973 du·
337 1908 428 1988 Quid
447 1911 536 1985 istuc,
551 1924 611 1985 ost,
631 1914 681 1976 mi
699 1913 765 1983 vir,
795 1913 918 1991 negoti,
940 1910 1026 1991 quod
1045 1924 1084 1972 tu
1102 1924 1171 1972 tam
1192 1910 1299 1982 subito

795 2011 850 2053 mo
1149 1997 1215 2057 it.
1278 2037 1280 2040 ψ

235 2072 362 2140 diseas?
404 2071 458 2139 Jn.
478 2071 604 2155 Edepol
622 2072 722 2149 haud,
738 2073 825 2156 quod
844 2075 895 2135 tui
909 2093 976 2147 me,
995 2092 1102 2155 neque
1120 2073 1220 2147 domi,
1237 2071 1299 2134 dis·

753 2154 900 2226 taedeat3
1103 2170 1128 2217 t.
1147 2170 1171 2220 t.
1187 2176 1215 2218 c.

238 2235 301 2299 Sed
315 2239 372 2302 ubi
387 2257 534 2302 summus
554 2242 730 2320 imperator
748 2257 816 2301 non
829 2237 918 2299 adest
937 2237 979 2299 ad
993 2240 1192 2299 exercitum:
1235 2254 1298 2314 350

237 2320 361 2396 Citius,
388 2322 474 2401 quod
502 2341 569 2386 uon
599 2324 687 2386 iacto
716 2334 762 2383 est
791 2340 887 2393 usus,
907 2318 1087 2402 siu-quam,
1109 2319 1297 2401 quodfacto

757 2415 804 2464 est
820 2421 909 2482 opus.
1089 2452 1094 2460 .

235 2481 306 2549 Ma.
348 2484 456 2550 Nimis
474 2486 529 2549 hic
550 2489 662 2550 scitust
683 2485 887 2568 sycophanta,
916 2488 974 2566 qui
993 2486 1124 2565 quidem
1142 2488 1187 2549 sit
1206 2505 1297 2547 meus

773 2581 850 2628 ater.

239 2647 447 2712 observatote
468 2665 563 2709 eum
592 2668 691 2729 quam
710 2590 828 2710 blinda
847 2648 981 2709 mulieri
1000 2650 1190 2730 palpabitur.

238 2733 297 2793 Aa.
318 2733 453 2794 Ecastor
473 2742 506 2790 te
527 2735 687 2810 experior,
707 2733 821 2810 quanti
840 2730 937 2790 facias
958 2749 1094 2796 uxorem
1114 2747 1216 2795 tuam.

238 2811 291 2873 Jn.
334 2813 435 2874 Satin'
455 2809 573 2885 haber,
592 2815 618 2873 si
637 2813 859 2874 foeminarum
878 2811 969 2872 nulla
990 2826 1058 2889 est,
1078 2833 1177 2895 quam
1197 2833 1299 2895 aeque

456 2911 459 2918 ’
753 2894 913 2973 diligam?
1073 2911 1079 2925 ⁴
1235 2912 1299 2975 555

240 2976 310 3040 Ma.
340 2977 466 3059 Edepol
486 2996 549 3039 nae
569 2974 628 3038 illa
648 2979 675 3037 si
696 2979 763 3037 istis
784 2976 879 3038 rebus
900 2991 934 3038 te
955 2979 1033 3040 sciat
1054 2998 1184 3058 operam
1203 2980 1297 3041 dare:

240 3061 308 3141 Ego
330 3059 434 3122 faxim
454 3073 486 3121 te
508 3059 784 3139 Amphitruonem
803 3079 869 3119 esse
889 3061 984 3121 malis
1007 3079 1104 3140 quam
1125 3060 1246 3124 Jovem.

238 3144 296 3208 As.
318 3140 466 3221 Experiri
485 3144 568 3206 istuc
589 3142 766 3204 mavellem
780 3162 845 3212 me,
859 3160 958 3219 quam
976 3140 1062 3204 mihi
1075 3148 1297 3208 memorarier.

238 3222 329 3289 Prius
349 3223 427 3297 abis,
441 3235 565 3305 quam,
586 3223 644 3284 ubi
666 3225 824 3295 cubuisti,
843 3222 953 3298 glectus
974 3225 1135 3298 concaluit
1154 3224 1256 3291 locus.

238 3307 324 3369 Here
342 3308 459 3367 venisti
474 3308 581 3368 media
596 3320 710 3377 nocte3
728 3324 817 3367 nunc
835 3305 917 3366 abis:
938 3306 1064 3368 hoccin’
1086 3306 1213 3385 placet?
1235 3312 1298 3386 560

239 3391 308 3453 Ma.
331 3386 490 3460 Accedam
507 3402 604 3469 atque
617 3388 702 3452 hanc
714 3387 881 3470 adpellabo
894 3402 927 3451 et
940 3391 1192 3472 supparasitabor
1205 3396 1299 3472 patri.

304 3548 363 3633 341·
387 3560 435 3617 Sic
458 3572 516 3614 vet.
542 3560 604 3615 cod,
629 3562 710 3615 Cam.
728 3562 848 3628 Sarrae,
868 3563 988 3632 Argent.
1012 3581 1039 3623 a.
1058 3578 1129 3631 1514
1146 3565 1198 3618 V.:
1223 3566 1253 3617 S.
1271 3584 1288 3619 c

241 3651 301 3698 erp.
321 3635 351 3683 in
375 3650 409 3683 m.
433 3644 463 3681 ut
487 3631 539 3680 sin.
588 3644 646 3697 544
670 3630 744 3682 Cave
766 3628 858 3681 elidas
880 3629 976 3681 verba.
1002 3632 1066 3682 &sm
1090 3640 1120 3683 et
1136 3634 1297 3687 Alcumena.

194 3742 201 3751 .
238 3698 297 3766 346.
318 3700 396 3775 ,11⁸5
413 3694 487 3749 Pali.
506 3701 549 3766 (5.
566 3711 694 3812 planoque:
715 3715 773 3747 csse
791 3699 930 3761 exactos),
948 3697 1018 3749 item
1034 3704 1101 3749 vett.
1118 3698 1163 3750 ed
1180 3709 1298 3768 praeter

239 3780 255 3815 a
279 3780 389 3833 priores
411 3766 539 3815 Venetas.
597 3780 618 3812 .:

240 3831 310 3900 quod
325 3833 375 3881 erit
391 3843 492 3881 natum.
543 3839 602 3893 350.
619 3827 670 3879 Vel
687 3827 869 3897 corripienda
884 3837 1024 3898 posterior
1039 3830 1147 3898 syllaba
1159 3833 1190 3881 in
1207 3834 1296 3899 adest,

239 3892 286 3948 vel
307 3897 403 3963 prima
424 3897 455 3947 in
480 3896 635 3946 exercitum.
665 3896 828 3964 Utrumque
846 3896 965 3960 durum,
983 3905 1111 3948 extremo
1127 3900 1298 3967 praesertim

638 3762 689 3812 tibi
712 3780 771 3814 csse
789 3776 868 3813 octos
889 3780 915 3814 a.
974 3778 1031 3841 547.
1061 3765 1105 3815 Ita
1126 3764 1222 3817 Guelf.
1246 3767 1296 3820 Va
1348 3775 1349 3846 i

236 3975 331 4014 wrm.
369 3963 465 4080 quaro
486 3959 677 4039 bandomina
697 3960 773 4031 legi:
800 3963 828 4040 S
851 3978 878 4014 u.
903 3978 926 4012 s.
948 3963 965 4014 i.
990 3981 1023 4013 nc
1049 3965 1129 4013 adest
1151 3966 1225 4031 apud
1254 3984 1296 4017 es.
1347 3963 1348 4012 l

398 4028 456 4080 ibri
478 4027 604 4095 plurimi.
627 4029 675 4079 V.:
701 4046 777 4082 maus
795 4041 833 4086 sat
847 4041 936 4097 pater.
985 4041 1043 4097 354,
1065 4029 1113 4083 V.:
1138 4030 1298 4097 secundum
1347 4017 1348 4104 i

236 4027 366 4148 ffizgg
381 4103 511 4164 patremt
534 4095 567 4145 Ε.
587 4111 615 4147 rt
632 4113 693 4164 exp.
