2725 4659
458 276 747 358 MERCATOR.
1059 305 1137 377 435

68 459 129 522 Lr.
142 460 227 522 -Non
240 477 383 539 porrum,
404 458 453 521 ita
471 460 589 521 instare
612 478 719 542 urges,
741 458 832 540 quasi
851 478 910 540 pro
929 463 1039 526 noxio.

65 542 130 605 Do.
153 543 186 602 Si
206 543 401 608 innoxius'e:
424 541 578 604 audacter
598 543 746 623 quamvis
768 542 877 604 dicito.

64 624 130 685 Dic
137 623 255 708 igitur!
271 625 332 688 Lu.
342 625 482 687 Dicam?
497 626 560 687 Do.
569 626 668 705 Atqui
678 624 859 686 dicundum
874 637 923 685 est
931 637 1048 690 tamen.
1074 649 1135 708 72⁰

65 706 127 769 Lr.
150 708 210 767 llla
229 721 277 768 est
291 754 300 770 .
315 751 323 766 .
340 753 349 772 .
364 753 373 768 .
394 706 504 774 Etiam
519 711 567 769 vie
582 726 705 771 nomen
719 706 846 771 dicam?
867 706 930 768 Do.
948 708 1042 770 Nihil
1055 717 1133 795 agie.

60 786 252 860 Manufesto
266 788 381 854 teneoi
417 790 456 849 In
471 794 570 853 noxia
589 789 638 854 esi
681 790 744 855 Lr.
758 789 832 868 Qua
849 792 970 849 noxia?

60 872 167 936 Istaec
189 871 321 952 quidem
335 873 392 934 illa
406 886 454 936 est
558 874 621 937 Do.
639 873 730 952 Quae
746 873 803 933 illa
818 873 888 932 est?
917 872 976 935 Lr.
997 874 1057 936 Illa
1067 922 1075 939 .
1085 921 1094 939 .
1106 922 1134 943 ..

108 1011 130 1022 ,,
298 993 301 999 ‹
884 954 948 1016 Do.
970 956 1020 1029 Jo,
1041 958 1133 1020 hias?

60 1037 196 1105 Nontu
209 1039 279 1108 ocis,
295 1057 376 1117 quae
396 1038 437 1097 sit
451 1037 572 1104 illaec?
594 1039 654 1108 Lr.
673 1037 745 1099 Imo
766 1037 867 1097 etiam
888 1039 968 1110 sci03

60 1119 159 1191 Tam,
181 1122 208 1180 ei
227 1119 313 1181 nihil
334 1140 408 1181 usus
429 1135 523 1194 esset,
545 1125 612 1200 jam
630 1142 698 1184 non
723 1120 874 1182 dicerem.
1071 1140 1133 1202 725

60 1203 115 1262 De
134 1204 216 1263 istac
236 1222 308 1264 sum
327 1203 426 1279 judex
446 1220 569 1283 captus.
612 1207 673 1270 Do.
689 1203 819 1268 iudex?
840 1201 913 1261 Jam
933 1204 1015 1264 scio:

59 1284 136 1344 Huc
158 1297 194 1348 tu
214 1288 252 1346 in
272 1284 446 1346 consilium
467 1289 562 1352 istam
582 1287 777 1355 advocavisti
798 1285 868 1345 tibi.

59 1366 218 1434 Lr.,Imo
240 1381 402 1446 sequestro
422 1368 509 1431 mihi
528 1374 601 1434 date
622 1389 680 1438 est.
729 1369 792 1428 D0·
815 1366 989 1450 Intellego·

57 1451 125 1516 Lr.
144 1448 238 1512 Nihil
252 1449 360 1511 hercle
376 1452 470 1512 istius
487 1458 728 1537 quidquamest.
749 1450 814 1510 Do.
826 1451 972 1511 Numero
980 1451 1132 1534 porgitur.

58 1530 123 1595 Lr.
145 1533 296 1598 Nimium
311 1533 425 1615 negoti
442 1544 566 1615 reperi!
586 1543 757 1603 enimvero
778 1531 915 1594 haereo!
1073 1554 1133 1612 750
1232 1552 1235 1557 ·

31 1809 238 1874 tCOCUS.
287 1804 648 1872 LYSIMACHUS.
696 1809 948 1875 DORIPPA.
991 1809 1131 1880 SYRA.

59 1926 122 1988 Co.
143 1927 239 2008 Agite
253 1925 300 1985 ite
314 1937 482 1984 actutum:
497 1942 576 1986 nam
587 1921 672 1986 mihi
685 1926 821 1985 amatori
836 1927 907 1986 seni
935 1927 957 1989 i.
970 1947 993 1991 s.
1004 1927 1092 2007 1v‚4

57 2008 236 2088 Coquendo
252 2027 353 2067 coena
368 2020 434 2078 est;
458 2017 565 2086 etque,
588 2026 687 2086 quom
706 2009 862 2090 recogito,

55 2092 162 2154 Nobis
179 2090 348 2170 coquenda
369 2103 433 2162 est,
454 2106 525 2149 nou
544 2089 644 2165 quoi
664 2089 829 2154 conducti
850 2110 978 2151 sumus:

54 2171 147 2238 Nam
161 2173 219 2255 qui
237 2185 337 2245 emat,
358 2171 446 2250 quod
461 2183 559 2241 amat,
579 2171 605 2231 si
618 2169 654 2231 id
668 2170 784 2233 hebet:
805 2172 841 2234 id
856 2171 956 2236 habet
970 2193 1029 2256 pro
1045 2176 1130 2251 cibo,

55 2251 188 2328 Videre,
210 2255 374 2338 amplecti,
397 2254 543 2325 osculari,
563 2251 715 2333 adloqu13
1064 2273 1129 2340 755

53 2338 119 2400 Sed
140 2358 198 2399 nos
219 2338 348 2400 confido
370 2351 502 2398 onustos
522 2335 680 2397 redituros
702 2336 846 2399 domum.
991 2415 996 2420 Ι

49 2423 108 2486 Ita
124 2422 195 2481 hac.
218 2417 281 2497 Sed
302 2439 427 2490 eccum,
450 2421 506 2498 qui
525 2438 583 2478 noe
602 2419 770 2491 conduxit,
792 2440 901 2483 senex.

53 2506 117 2566 Lr.
139 2506 225 2565 Ecce
246 2515 359 2566 autem
380 2503 473 2581 perii,
495 2519 589 2561 cocus
609 2499 714 2566 adest!
743 2504 800 2565 Co.
822 2503 1031 2567 Advenimus.

53 2588 117 2649 Lr.
133 2584 217 2652 Abi!
249 2585 305 2649 Co.
323 2584 435 2666 Quidi
450 2582 584 2645 abeam?
607 2579 666 2644 Lr.
686 2583 733 2657 St,
750 2582 819 2650 abi!
853 2587 911 2647 Co.
940 2587 1129 2649 Abeamne?

962 2669 1024 2734 Lu.
1047 2670 1128 2736 Abi!

56 2751 115 2815 Co.
138 2753 216 2814 Non
230 2752 304 2813 estis
325 2749 513 2811 coenaturi?
534 2745 683 2814 tetam
702 2751 801 2812 saturi
817 2770 938 2814 sumus.
1065 2774 1126 2830 74⁰

53 2835 120 2900 Do.
141 2832 277 2898 Sed....
298 2832 359 2897 Lr.
377 2832 512 2895 Interii!
533 2832 586 2893 Do
588 2874 708 2896 .....
732 2834 825 2913 Quid
841 2836 887 2895 aie
904 2833 964 2903 tu?
986 2836 1129 2897 etiamne

591 2914 645 2977 illi
660 2907 719 2976 tiiii
731 2915 813 2975 haec

57 3002 228 3062 irriserunt
248 2998 338 3073 ferri,
358 3018 438 3080 quos
458 2999 546 3059 inter
566 2997 668 3074 judex
690 2997 806 3058 datus?

58 3087 115 3145 Co.
135 3081 297 3144 Haeccine
318 3095 445 3142 tuaest
466 3084 578 3153 amica,
600 3099 699 3161 quam
720 3080 845 3141 dudum
865 3081 951 3144 mihi

59 3165 107 3225 Te
125 3184 232 3225 amare
253 3164 350 3237 dixti,
373 3184 470 3244 quom
490 3162 687 3229 obsonabas‘t'
708 3161 768 3225 Lt.
789 3166 866 3227 Non
879 3169 988 3227 taces?

61 3249 120 3309 Co.
142 3245 221 3307 Satis
242 3251 360 3308 scitum
381 3247 475 3307 filum
496 3247 657 3308 mulieris!
680 3246 794 3307 Virum
814 3245 924 3310 hercle
945 3264 1028 3314 avet.
1066 3269 1128 3330 745

56 3331 119 3392 Lr.
139 3328 235 3389 Abin'
251 3330 434 3391 dierectus?
457 3332 513 3392 Co.
527 3329 621 3391 Haud
638 3328 725 3391 mala
740 3343 797 3392 est.
820 3329 880 3395 Lr.
895 3335 938 3392 At
952 3345 989 3392 tu
1003 3333 1125 3398 malus!

56 3414 117 3476 Co.
133 3410 255 3476 Scitam
267 3412 379 3475 hercle
391 3414 507 3493 opinor
519 3412 736 3476 concubinam
743 3411 846 3479 hanc!
868 3413 927 3477 Lr.
942 3414 1020 3476 Non
1035 3415 1126 3478 abis?

120 3621 244 3690 719.V.t
263 3621 342 3689 Scio,
362 3621 500 3675 innoxius.
525 3622 576 3675 Lr.
601 3623 666 3675 aud.
693 3642 737 3692 qu.
753 3621 781 3673 d.
804 3621 882 3674 Vett.
900 3618 981 3677 eddt
1005 3624 1123 3692 quidvis.

54 3702 113 3757 7²⁰·
131 3688 180 3741 V.:
205 3689 263 3755 Ego
281 3691 382 3742 dicam.
406 3691 569 3743 Pronomen
590 3704 649 3744 non
672 3696 822 3759 comparet
844 3688 877 3739 in
893 3687 975 3741 Mss.
999 3699 1030 3742 et
1055 3699 1124 3743 vett.

54 3753 120 3806 edd.
186 3768 227 3821 25.
244 3755 343 3810 Librit
362 3758 386 3806 io
404 3757 462 3823 hia,
479 3766 514 3808 ut
529 3756 591 3815 Pal,
608 3758 655 3811 vel
673 3770 815 3809 unumne
833 3754 917 3804 iahia.
958 3772 1016 3825 725.
1036 3756 1125 3826 vulgo

53 3831 155 3874 antece
177 3822 238 3872 enti
261 3823 466 3890 praeponitur,
489 3824 672 3895 legiturque:
700 3825 763 3874 Jam
786 3822 812 3873 si
834 3830 889 3873 etc.
912 3822 1023 3875 Vitium
1048 3823 1126 3876 illud

52 3891 261 3945 animadvertit
276 3894 356 3944 Acid.
378 3894 455 3963 Tum,
472 3904 580 3948 tumen.
623 3906 681 3966 728.
700 3895 785 3947 Libri
801 3888 925 3965 ἅμέτρωςε
944 3895 969 3946 Ι.
989 3896 1030 3946 sic
1048 3912 1124 3964 sequ.
1189 3933 1203 3954 .

53 3980 112 4033 732.
131 3966 163 4016 V.
181 3964 340 4018 secundum
358 3965 505 4019 Camerar.
525 3969 698 4037 Coqroendast
715 3983 816 4035 coena,
835 3990 861 4021 a.
881 3970 1003 4037 equidem
1023 3986 1084 4021 cum
1103 3989 1123 4020 r.

53 4047 113 4100 741.
132 4032 181 4086 Vn
199 4050 300 4086 sumus.
321 4034 375 4088 Sed
395 4036 444 4085 int.
477 4034 550 4088 Dan.
574 4036 649 4104 Quid
666 4042 720 4086 etc.
766 4048 824 4105 747.
842 4039 891 4093 tt:
910 4039 937 4088 S.
956 4035 984 4088 h.
1000 4053 1043 4105 op.
1056 4037 1127 4088 satis

54 4100 127 4166 (Pul.
144 4109 224 4171 tune)
244 4121 322 4162 conc.
335 4104 374 4171 ia,
392 4118 476 4156 versu
493 4105 540 4158 vel
557 4101 649 4175 nullo,
666 4108 712 4159 vel
728 4099 878 4183 ὖπιρμέηφ,
948 4146 953 4160 .

875 4229 958 4308 28'
