2725 4659
505 289 700 360 creatu
1060 316 1132 385 ..ὅ

74 472 139 534 Hic
159 483 270 536 autem
289 484 325 533 te
343 472 389 533 ait
408 470 539 532 mittere
559 466 637 528 hinc
657 467 740 530 velle
761 468 802 532 ad
822 483 964 551 patram3
1071 492 1133 558 ⁹95

75 553 191 615 Meum
211 568 249 615 ut
270 554 327 615 ille
348 555 484 615 redimat
503 551 626 612 filium:
650 556 788 612 mutatio

74 639 166 699 Inter
185 657 241 698 me
261 650 356 715 atque
376 635 476 696 illum
497 647 535 694 ut
553 633 671 695 nostris
691 633 748 693 fiat
767 634 856 699 filiis.

74 720 151 782 Par.
174 719 452 799 Utroquevorsum
472 729 599 777 rectum
619 728 667 777 est
687 718 856 796 ingenium
876 737 998 792 meum,

74 803 125 864 Ad
145 801 202 862 ted
222 813 319 880 atque
336 801 450 870 illum3
471 819 528 880 pro
549 811 619 859 rota
638 817 692 859 me
713 799 875 860 utiiicets
911 831 912 838 .
947 858 950 864 ,
1088 857 1090 862 .

74 886 136 945 Vel
157 902 217 965 ego
237 881 302 942 huc
321 883 372 943 vel
392 881 473 942 illuc
493 894 613 948 vertar,
635 900 697 961 quo
718 882 926 960 imperabitis.
1074 903 1134 965 30⁰

75 967 129 1029 Hr-
144 964 231 1024 Tute
250 964 315 1025 tibi
335 976 475 1043 atuopte
493 963 626 1048 ingenio
644 962 759 1041 prodes
779 963 971 1042 plurimum,

78 1053 191 1130 Quom
211 1047 397 1108 servitutem
417 1048 461 1106 ita
481 1045 557 1117 fers,
580 1058 619 1107 ut
636 1045 715 1105 ferri
736 1047 838 1109 decet.

78 1133 231 1209 Sequere.
250 1155 289 1168 ··
310 1128 397 1190 Hem
417 1127 479 1188 tibi
496 1127 683 1189 hominem!
714 1127 752 1187 Τ.
767 1126 894 1190 Gratias
908 1126 1012 1192 habeo
1026 1133 1097 1206 tibi,

78 1218 193 1295 Quom
213 1211 339 1291 copiam
359 1213 454 1272 istam
476 1211 525 1270 mi
544 1224 577 1271 et
591 1222 783 1289 potestatem
803 1211 894 1281 facis,
1044 1227 1047 1230 ’

78 1296 127 1356 Ut
148 1313 206 1377 ego
227 1293 435 1372 adparentes
455 1292 532 1354 hinc
552 1292 717 1353 remittam
737 1295 905 1367 nuntium,
985 1308 988 1314 ’
1076 1313 1138 1378 305

82 1380 152 1459 Qui
171 1396 224 1438 me
244 1376 321 1454 quiri
341 1391 451 1437 rerum
471 1375 527 1434 hic
546 1375 668 1455 agitem
690 1388 722 1435 et
742 1375 820 1455 quid
840 1375 913 1437 fieri
933 1377 1043 1451 velim,

78 1461 170 1526 Patri
189 1479 262 1521 meo
282 1458 395 1519 ordine
417 1476 550 1520 omnem
570 1476 638 1518 rem
657 1457 736 1518 illuc
758 1457 904 1537 perferat.
953 1497 956 1504 ⁴

78 1544 178 1605 Nunc
196 1544 242 1602 ita
262 1542 413 1601 convenit
431 1543 517 1601 inter
536 1553 706 1619 meatque
727 1540 826 1611 hunc,
847 1539 1006 1621 Tyndare,
1092 1596 1095 1603 .

76 1625 129 1698 ,Ut
149 1638 182 1687 te
201 1634 414 1686 aestumatum
431 1625 468 1683 in
487 1623 615 1683 Alidem
634 1624 767 1684 mittam
786 1620 826 1682 ad
846 1636 989 1702 patrem:

79 1708 200 1769 Sinon
220 1707 337 1767 rebitas
357 1705 431 1777 huc,
452 1717 490 1764 ut
512 1706 627 1788 viginti
646 1708 750 1766 minas
1074 1730 1137 1789 3¹⁰

77 1791 169 1853 Dein
189 1807 246 1869 pro
266 1801 309 1851 te.
357 1791 431 1850 Prii.
453 1786 553 1848 Recte
573 1787 757 1848 convenisse
778 1790 898 1849 sentio:

78 1874 169 1938 Nam
189 1884 278 1951 pater
298 1881 446 1949 expectat
466 1883 522 1929 aut
543 1889 597 1931 me
616 1883 672 1930 aut
693 1871 835 1947 aliquem
855 1877 1019 1944 nuntium,
1094 1909 1099 1928 2

83 1956 152 2036 Qui
171 1952 250 2014 hino
272 1952 311 2011 ed
331 1971 364 2013 se
385 1954 502 2016 ueniat.
529 1951 567 2014 T.
589 1951 675 2034 Ergo
688 1955 835 2012 animum
851 1953 996 2017 advortas
1014 1958 1097 2036 volo,

78 2040 179 2120 Quae
199 2036 352 2098 nuntiare
372 2035 450 2096 binc
469 2048 503 2096 te
525 2034 595 2094 volo
617 2034 654 2093 in
673 2036 811 2111 patriam
830 2036 871 2094 ad
891 2051 1024 2115 patrem.
1054 2093 1057 2100 .
1089 2068 1094 2100 ι

79 2122 159 2183 Par.
193 2117 407 2190 Philocrates,
442 2129 481 2178 ut
512 2116 616 2179 adhuc
651 2116 799 2178 locorum
825 2117 905 2191 feci,
941 2121 1060 2185 faciam
1092 2145 1138 2187 se

80 2239 83 2246 ·
167 2267 173 2282 .
245 2213 248 2218 “
600 2198 686 2270 dulc,
791 2237 794 2246 ‚
925 2212 1017 2267 tec.
1077 2225 1139 2285 315

81 2283 134 2348 Ut
153 2286 376 2364 potissumum,
398 2282 482 2364 quod
502 2282 538 2343 in
556 2301 629 2344 rem
648 2292 736 2343 recte
756 2281 1034 2359 condatensem,
1069 2337 1071 2344 .

81 2367 125 2430 Id
141 2380 303 2447 petessam
322 2367 356 2428 iti
370 2384 600 2446 peraequurque
621 2362 715 2425 corde
729 2376 823 2440 utque
838 2366 944 2424 animo
959 2380 992 2427 et
1009 2369 1139 2435 viribus.

81 2448 125 2513 T.
146 2450 238 2512 Facis
257 2451 315 2522 ita,
335 2461 372 2508 ut
392 2463 427 2509 ta
441 2448 547 2510 facere
563 2458 697 2587 oporltet.
719 2448 817 2506 Nunc
839 2448 986 2509 animum
1000 2450 1141 2513 advortas

137 2567 140 2570 -
214 2555 218 2566 ·
302 2543 306 2552 '
598 2548 636 2587 vo
651 2548 679 2588 0.

86 2613 246 2678 Omnium
265 2615 408 2695 primum
429 2613 567 2675 salutem
587 2611 684 2672 dicito
704 2610 800 2671 matri
820 2625 853 2674 et
872 2615 958 2693 patri

83 2699 131 2761 Et
147 2699 304 2778 cognatis,
327 2712 360 2758 et
381 2697 408 2757 ci
428 2715 523 2775 quem
535 2696 638 2758 alium
654 2692 901 2757 benevolentem
915 2697 1047 2761 sideris:
1079 2719 1140 2781 520

85 2782 146 2843 Me
165 2780 220 2841 hic
239 2779 345 2841 valere
365 2791 398 2846 et
419 2776 746 2842 servitutemservire
766 2778 842 2839 huic
855 2776 984 2841 bomini
998 2795 1142 2863 optumo,

85 2864 156 2943 Qui
175 2883 229 2923 me
248 2863 370 2924 honore
390 2862 605 2927 honestiorem
625 2877 751 2938 semper
768 2861 845 2921 fecit
866 2873 899 2921 et
918 2862 1067 2929 facit...

84 2949 164 3010 Per.
184 2944 272 3005 Istuc
291 2964 335 3004 ne
350 2946 539 3024 praecipias:
568 2942 662 3002 facile
683 2943 839 3003 memoria
859 2946 997 3007 memini
1017 2961 1139 3013 tamen.

86 3028 128 3090 T.
148 3030 235 3092 Nam
258 3029 404 3107 quidem,
426 3029 487 3087 nisi
508 3024 593 3108 quod
613 3025 779 3085 custodem
795 3023 908 3101 habeo,
932 3027 1074 3092 liberum
1088 3051 1140 3095 me

89 3127 93 3138 ’
118 3167 121 3172 .
601 3126 666 3169 esse
687 3109 832 3168 arbitror.

86 3193 199 3257 Dicito
215 3194 310 3275 patri,
331 3211 393 3275 quo
413 3204 505 3273 pacto
526 3210 603 3252 cum
622 3189 684 3249 hoc
704 3188 788 3251 mihi
805 3198 992 3257 convenerit
1081 3214 1142 3274 525

91 3413 95 3420 ’
157 3411 215 3468 301.
238 3399 438 3454 ItaBoxhorn.
455 3398 580 3452 Brunck.
599 3399 731 3453 Bosscba.
750 3398 848 3454 Libri:
878 3399 909 3451 Τ.
924 3413 944 3454 t.
963 3421 995 3454 ea
1013 3415 1033 3458 r.
1064 3412 1068 3416 ’
1082 3416 1140 3468 303.

89 3467 173 3520 Libri
190 3467 330 3533 Gratiam,
354 3483 438 3520 versu
459 3466 611 3537 impedito;
634 3485 687 3519 nec
703 3464 835 3537 placent,
858 3465 891 3518 in
907 3468 1012 3542 quibus
1028 3477 1070 3520 est
1096 3470 1144 3519 Se-

91 3552 171 3601 quere
194 3535 261 3600 bac,
284 3536 364 3587 velut
385 3538 503 3603 Argent.
528 3546 600 3600 ¹514·
616 3532 718 3586 Lamb.
742 3542 907 3596 eternam
929 3536 1058 3605 quisita
1081 3548 1142 3586 ver·

89 3616 155 3652 sum
178 3600 361 3655 dimetiaturt
492 3624 494 3628 ⁷
982 3613 984 3616 ·
1008 3633 1010 3640 ι

217 3670 332 3735 Sequere
350 3667 412 3720 heic.
433 3668 502 3719 Hem
519 3666 569 3718 ribi
584 3667 727 3719 bominem.
746 3665 870 3718 Gratiam
886 3663 972 3717 babeo
989 3665 1060 3721 riti.

89 3733 342 3802 505.1taMonac.
365 3743 394 3786 et
413 3729 486 3788 Pell.
504 3748 535 3799 a,
552 3747 577 3801 5.
600 3733 631 3786 V.
649 3734 736 3798 bunc,
753 3739 933 3802 praepostere
950 3732 1083 3800 quidem:
1100 3732 1143 3787 Cf.

89 3817 150 3874 308.
168 3824 246 3877 seqq.
296 3822 354 3876 317·
371 3804 464 3872 Libri,
483 3807 594 3860 intrusa
610 3805 799 3877 explicatione
816 3803 925 3875 άμέτρφι
945 3809 979 3857 id
994 3821 1094 3875 peram.
1112 3811 1144 3860 V.

89 3880 248 3933 secundum
266 3879 424 3934 Cantator:
450 3882 484 3930 Μ
507 3894 598 3948 peram
623 3882 704 3949 idque
726 3875 872 3948 perse'quar
896 3897 918 3931 c.
934 3892 959 3931 et
977 3897 1003 3930 a.
1022 3893 1101 3949 atque
1119 3900 1145 3931 v.

90 3946 147 3999 Sed
161 3948 286 4017 Langg.:
315 3948 394 3999 eorde
417 3961 497 4015 atque
515 3965 560 3998 an.
579 3960 605 3999 et
624 3949 744 4004 auribus.
793 3962 851 4014 5²4»
868 3947 962 3999 Fortu
980 3946 1054 3997 Nam
1072 3948 1146 4014 equi·

92 4016 162 4131 “32²2
184 4013 367 4133 cumhLamb.
417 4027 475 4083 525.
499 4013 546 4067 Sic
568 4015 687 4084 Argunt.
712 4025 787 4079 1514.
808 4014 840 4065 V.
863 4012 1028 4067 difficiliore
1051 4024 1144 4066 metro

91 4098 237 4133 mileum
272 4097 324 4133 000*
601 4106 658 4114 ⁴
1001 4113 1004 4118 ·
1071 4111 1075 4117 ·
