2725 4659
224 943 987 1111 pannosus

487 1253 491 1266 ι
521 1247 730 1266 m

427 1414 783 1504 Mircurius,

74 1613 146 1729 Ut
167 1690 221 1730 vos
241 1670 278 1729 in
298 1668 412 1728 vostris
434 1666 530 1727 voltis
548 1665 771 1728 mercimoniis

71 1751 231 1815 Emundis
251 1750 492 1831 vendundisque
513 1770 566 1811 me
586 1749 712 1814 laetum
733 1750 832 1810 lucris

71 1833 219 1894 Adficere
240 1847 335 1914 atque
356 1833 509 1909 adjuvare
529 1833 564 1892 in
584 1829 679 1896 rebus
701 1833 863 1904 omnibus,

71 1917 118 1980 Et
139 1918 193 1977 uti
211 1936 261 1976 res
281 1917 487 1995 rationesque
508 1927 697 1976 vostrorum·
707 1918 855 1976 omnium

70 1996 162 2059 Bene
183 1996 333 2079 expedire
353 1998 450 2059 voltis
470 1999 658 2080 peregrique
680 2010 712 2058 et
738 1998 838 2072 dorni,

70 2080 227 2162 Bonoque
248 2094 342 2161 atque
364 2080 472 2162 amplo
493 2095 621 2141 auctare
640 2093 791 2162 perpetuo
813 2082 903 2142 lucro

73 2163 227 2245 Quasque
243 2164 412 2243 incepistis
432 2182 498 2236 res,
521 2182 662 2243 quasque
684 2164 909 2244 inceptabitis3

71 2246 117 2308 Et
139 2249 188 2306 uti
209 2245 303 2306 bonis
323 2265 377 2304 vos
398 2258 518 2324 vostros
542 2265 581 2306 ue
603 2246 709 2308 omnis
732 2249 857 2307 nuntiis

71 2326 134 2387 Me
156 2328 292 2388 adficere
313 2326 422 2387 voltis:
447 2345 485 2386 ea
505 2266 668 2400 triferam,
691 2345 727 2387 ea
748 2330 795 2388 uti
816 2328 981 2400 nuntiem,

72 2411 171 2488 Quae
192 2429 345 2470 maxume
366 2409 493 2468 iurem
516 2422 653 2469 vostram
672 2428 884 2470 communem
905 2413 987 2471 sient
1097 2430 1135 2475 io

72 2492 180 2567 (Nam
200 2511 255 2552 vos
277 2490 406 2571 quidem
427 2489 463 2550 id
482 2490 548 2569 jam
569 2492 655 2551 scitis
676 2511 859 2553 concessum
881 2506 922 2552 et
935 2494 1046 2555 datum

69 2574 128 2635 Mi
149 2595 215 2636 esse
238 2574 278 2634 ab
298 2573 347 2633 ‘dis
367 2572 456 2645 aliis,
476 2574 598 2634 nuntiis
617 2577 756 2656 praesim
776 2588 809 2639 et
828 2570 954 2654 lucro);

69 2657 163 2719 Haec
185 2670 221 2717 ut
242 2668 295 2717 me
317 2656 412 2716 voltis
433 2653 607 2739 adprobare
629 2676 665 2716 ae
686 2659 793 2730 nitier,

69 2739 218 2802 Lucrum
237 2753 274 2798 ut
295 2756 437 2818 perenne
457 2739 548 2799 vobis
561 2759 697 2818 semper
717 2752 881 2821 suppetat:

69 2823 124 2884 Ita
144 2821 222 2883 huic
243 2822 368 2883 facietis*
384 2822 514 2882 fabulae
536 2823 713 2907 silentium,
1096 2839 1135 2904 15

68 2907 186 2987 Itaque
208 2906 303 2983 aequi
323 2917 356 2964 et
378 2896 453 2981 jus'ti
472 2899 527 2966 hic
547 2906 637 2964 eritis
658 2920 769 2965 omnes
790 2901 913 2965 arbitri.
1086 2904 1094 2916 ‘

156 2991 270 3060 Nunc,
292 2986 405 3067 quoius
426 2988 514 3065 jussu
536 2988 630 3047 venio
651 3000 684 3046 et
705 2986 955 3067 quamobrem
976 2992 1134 3069 venerim,

65 3070 207 3141 Dicam,
230 3069 390 3150 simulque
412 3076 478 3149 ipse
501 3069 552 3129 elo
576 3089 634 3129 uar
654 3088 776 3129 nomen
797 3087 919 3133 meum.

67 3152 267 3229 iovisjussu
288 3152 397 3223 veni03
420 3171 540 3212 nomen
602 3155 725 3212 ercurio
747 3165 794 3211 est
814 3152 916 3223 mihi;

66 3239 170 3300 Pater
188 3231 254 3294 huc
275 3253 328 3294 me
348 3236 437 3295 misit
455 3235 496 3293 ad
518 3253 572 3294 vos
593 3247 721 3294 oratum
740 3254 843 3305 meus,
873 3305 878 3315 1
1093 3255 1134 3302 20

67 3319 220 3378 Tametsi
240 3336 297 3397 pro
317 3318 455 3397 imperio
476 3315 584 3388 vobis,
605 3316 691 3397 quod
713 3316 841 3377 dictum
861 3317 959 3393 foret,
1009 3380 1016 3396 ,

11 3399 14 3406 '
67 3399 182 3461 Scibat
200 3399 362 3461 facturos:
386 3400 503 3481 quippe
525 3399 582 3480 qui
602 3398 817 3470 intellexerat,

65 3482 187 3544 Vereri
207 3502 263 3542 vos
285 3502 317 3543 se
338 3496 370 3543 et
390 3496 557 3553 metuere,
579 3483 624 3542 ita
646 3493 681 3540 ut
702 3501 839 3562 aequom
861 3495 927 3556 est,
949 3481 1079 3554 Jovem3

64 3566 196 3630 Verum
216 3566 364 3646 profecto
384 3562 444 3628 hoc
465 3578 650 3645 petereme
672 3567 815 3643 precario
903 3619 905 3626 Α
947 3628 950 3633 ,
1053 3625 1056 3630 ,

64 3650 97 3716 A
121 3645 214 3708 vobis
234 3647 325 3724 jussit
346 3648 464 3709 leniter
485 3647 576 3708 dictis
597 3645 707 3710 bonis:
894 3673 901 3685 ·
1093 3666 1135 3730 25

64 3730 206 3791 Etenim
226 3730 299 3800 ille,
320 3731 432 3811 quojus
453 3726 519 3788 huo
540 3730 627 3807 jussu
641 3731 756 3805 vuenio,
777 3730 904 3809 Jupiter

64 3815 148 3877 Non
170 3813 278 3872 minua
299 3829 397 3893 quam
417 3824 562 3880 vostrum
584 3814 684 3891 quivis
704 3811 858 3874 formidat
877 3808 1014 3888 malum,

10 3893 12 3900 ’
64 3894 228 3960 Humana
246 3907 350 3955 matre
371 3908 484 3967 natus,
505 3892 649 3956 humano
671 3908 777 3976 patre:
1113 3895 1116 3898 ’

141 4065 185 4120 1³·
206 4049 253 4104 Sic
272 4045 338 4109 Alo.
352 4049 457 4121 prima.
476 4067 502 4106 a.
522 4062 596 4128 15ητ
612 4047 700 4104 Basil.
721 4070 746 4105 a.
770 4049 840 4117 1568.
860 4068 977 4108 excusa:
997 4072 1031 4110 nc
1052 4060 1136 4112 odni-

65 4124 133 4180 tier.
171 4121 220 4176 V.:
243 4115 280 4169 Η.
300 4131 331 4169 ut
359 4135 401 4170 me
415 4136 442 4169 v.
453 4137 488 4170 ια.
507 4117 635 4178 adnitor.
668 4132 711 4186 19,
743 4118 858 4174 lutat.
876 4123 968 4187 Μή
994 4125 1139 4182 Mercurii.

449 4383 458 4409 i
