2725 4659
213 302 261 352 os
555 277 617 346 M..
660 279 705 348 A.
757 274 940 347 PLAUTI

206 458 257 523 Ju.
301 456 475 537 Numquid
496 455 567 517 vis?
608 458 666 519 At.
688 457 746 528 Ut,
769 477 869 536 quom
884 458 1000 530 absim,
1021 477 1075 519 mc
1096 476 1194 528 amos,
1214 477 1281 532 me,

733 553 827 602 tuam
848 540 1027 611 absentem,
1049 553 1172 602 tamen.

210 619 280 686 Mu.
303 620 440 693 Eamus,
457 621 670 704 Amphitruo:
694 620 822 685 luciscit
838 622 902 686 hoc
914 624 991 698 jam.
1032 623 1084 684 Ju.
1106 622 1170 684 Abi
1194 643 1282 703 prae,

735 706 841 767 Sosia}
1134 708 1155 765 i.
1175 717 1199 763 tt

212 786 283 852 Iam
303 806 363 870 ego
384 806 509 871 sequar.
540 788 713 873 Numquid
726 791 796 850 vis?
839 792 897 851 Ar.
926 792 1053 862 Etiam,
1074 799 1112 848 ut
1134 800 1284 856 actutum

738 872 895 934 advenias

846 955 896 1013 Ju.
918 953 1020 1011 Licet.
1081 966 1107 1014 t.
1117 966 1176 1017 tc.
1221 972 1284 1031 390

212 1033 306 1096 Prius
327 1036 407 1098 tuad
426 1038 580 1118 opinione
600 1040 654 1100 hic
674 1038 788 1100 adero:
810 1035 933 1095 bonum
948 1037 1096 1096 animum
1111 1036 1203 1096 habe.
1220 1068 1263 1082 --

297 1115 395 1179 Nunc
416 1134 467 1196 te,
489 1122 583 1195 Nox,
605 1140 688 1203 quae
708 1119 772 1256 m}
783 1115 947 1187 mansisti,
978 1118 1095 1188 mitto,
1124 1133 1160 1177 ut
1188 1120 1284 1180 cedas

757 1215 805 1260 ret
1154 1209 1158 1216 '

212 1282 259 1344 Ut
286 1283 479 1345 mortalibus
506 1283 674 1343 iuluciscat
694 1282 767 1338 luce
788 1276 875 1336 clara
897 1288 930 1334 et
952 1276 1108 1354 candida3

212 1368 317 1443 Atque
339 1377 477 1440 quanto,
498 1363 589 1430 Nox,
612 1363 702 1420 fuisti
724 1360 852 1440 longior
871 1357 933 1420 hac
954 1375 1125 1436 proxuma,

212 1445 319 1508 Tanto
342 1445 409 1507 dies
431 1456 467 1505 ut
495 1443 623 1504 brevior
643 1442 718 1516 fiat,
746 1441 882 1524 faciams
913 1454 950 1500 ut
978 1459 1080 1535 aeque
1110 1441 1219 1523 dispar
1249 1463 1289 1509 et

213 1610 293 1674 Dies
312 1619 409 1672 nocte
429 1607 570 1670 accedat.
590 1642 634 1659 .-
654 1607 714 1669 Ibo
735 1619 768 1668 et
789 1602 995 1670 Mercurium
1014 1537 1200 1689 sublicium.
1218 1545 1303 1660 ⁵95.

471 1953 813 2052 Aueutsssuu
843 1953 1020 2020 susm.

209 2124 274 2184 Au.
295 2125 380 2210 Age,
401 2123 415 2186 i
435 2136 473 2186 tu
496 2123 696 2192 sectmdum!
739 2122 791 2186 So.
815 2118 954 2204 Sequor,
989 2123 1163 2264 subseiluor
1184 2137 1227 2183 te.
1248 2124 1300 2188 b..

231 2221 240 2230 ·
573 2217 577 2226 ⁴
695 2274 697 2280 ¹
1005 2219 1028 2265 t.
1097 2225 1156 2277 ‚1.
1292 2213 1297 2222 ’

209 2284 481 2362 Scelestissimum
502 2301 534 2349 te
556 2287 707 2353 arbitror.
751 2286 802 2351 So.
824 2291 911 2350 Nam
934 2288 1167 2368 quamobrem?
1203 2343 1204 2346 ,

209 2372 275 2431 ΑΜ.
299 2369 386 2448 Quia
408 2373 461 2443 id,
492 2370 578 2451 quod
599 2391 705 2452 neque
734 2386 782 2432 est
803 2389 864 2430 nec
884 2372 947 2431 fuit
969 2389 1030 2431 nec
1051 2371 1201 2431 futurum
1223 2382 1299 2441 ests

213 2450 300 2515 Mihi
320 2455 495 2535 praedicas.
587 2454 655 2515 'So.
677 2454 796 2514 Eccere
818 2454 885 2527 jam
905 2457 1024 2514 tuatim
1220 2473 1283 2534 4⁰0

212 2534 313 2608 Facis,
337 2537 428 2594 uuila
448 2536 532 2614 apud
552 2541 665 2597 te'tuis
686 2550 724 2595 ut
745 2535 824 2596 fides
845 2539 896 2597 sit.

211 2621 278 2679 Au.
309 2616 396 2698 Quid
423 2619 493 2679 est?
512 2638 575 2701 quo
602 2618 828 2714 modoiiam
856 2618 990 2696 quidem
1009 2616 1120 2678 hercle
1143 2617 1284 2702 egotibi

732 2714 835 2760 1stenc
1185 2711 1188 2720 “

214 2777 411 2851 scelestam,
435 2782 547 2855 scelus,
569 2782 720 2864 linguam
742 2780 945 2844 abscindam!
995 2782 1047 2844 So.
1079 2775 1282 2843 Tuossum:

212 2862 363 2934 Proinde,
386 2879 422 2928 ut
444 2866 653 2926 commodum
674 2876 723 2924 est
740 2877 773 2925 et
793 2864 895 2936 lubet,
918 2865 1058 2943 quidque
1078 2864 1189 2926 iacias:

215 2944 352 3015 Tamen,
376 2949 455 3025 quin
475 2947 589 3027 loquat·
609 2948 711 3014 haec,
733 2949 782 3006 uti
803 2946 888 3007 facta
910 2961 985 3007 stmt
1006 2947 1071 3021 hic,
1221 2965 1284 3027 405

214 3027 393 3107 Nunquam
414 3030 482 3091 ullo
504 3028 601 3092 modo
622 3049 677 3092 me
698 3041 786 3108 potes
808 3029 980 3094 deterrere.
1091 3061 1093 3064 ·
1272 3029 1274 3034 ’

213 3111 279 3175 Au.
322 3107 573 3183 scelestissume,
595 3112 703 3181 audes,
724 3111 809 3172 mihi
830 3114 1024 3191 praedicare,
1120 3129 1122 3133 ·

104 3243 106 3247 ,
213 3192 313 3256 Domi
335 3205 367 3251 tc
388 3213 456 3254 esse
477 3211 575 3263 nunc,
599 3195 655 3272 qui
675 3193 730 3256 hic
751 3194 847 3256 ades?
890 3193 942 3254 So.
964 3196 1048 3255 Vera
1069 3195 1151 3257 dico.

215 3278 281 3337 ΑΜ.
305 3274 435 3338 Malum
457 3276 543 3355 quod
564 3274 627 3340 tibi
648 3275 681 3342 di
702 3273 838 3349 dabunt,
860 3290 956 3355 atque
978 3291 1040 3361 ego
1060 3279 1158 3341 hodie
1192 3336 1194 3340 ,

213 3358 324 3425 Dabo!
378 3358 429 3420 So.
451 3357 537 3418 Istuc
553 3357 614 3420 tibi
638 3362 742 3423 estin
763 3379 879 3424 manu:
901 3377 979 3422 nam
1000 3373 1072 3421 tuos
1094 3382 1178 3426 sum.
1220 3378 1283 3440 410

213 3446 279 3501 Au.
321 3441 408 3503 Tun’
430 3460 484 3503 me
506 3442 646 3511 verbero,
668 3442 777 3512 audes,
792 3442 927 3511 herum,
950 3442 1136 3504 ludificari?

215 3522 300 3587 Tun*
321 3522 354 3586 id
375 3524 479 3587 dicere
502 3527 610 3599 audes,
633 3525 720 3603 quod
740 3543 837 3588 nemo
859 3543 1002 3610 unquam
1022 3525 1122 3589 homo
1144 3526 1284 3590 antehac

282 3714 340 3766 59¹·
367 3699 447 3767 Opin.
471 3701 529 3751 iton
553 3695 699 3769 liquescit.
749 3714 806 3767 39²·
835 3700 911 3751 mitto
934 3717 994 3753 non
1012 3699 1150 3765 eliditur3
1174 3701 1223 3752 vel
1240 3702 1285 3754 le·

215 3766 340 3830 gendum
357 3768 482 3820 uticum
507 3766 701 3818 Taubmanno.
751 3782 809 3832 393.
834 3768 883 3819 V.:
908 3765 1067 3821 secundum
1091 3777 1219 3820 veterem
1246 3768 1283 3820 li·

215 3830 302 3883 hrum
321 3832 416 3889 Curru:
435 3834 569 3898 mortuiis.
587 3835 618 3884 V.
636 3848 767 3901 quoque:
787 3833 950 3897 tolomeus,
969 3833 1018 3884 sed
1041 3835 1073 3885 in
1090 3834 1212 3886 Helmst.
1239 3836 1284 3887 le·
1348 3895 1349 3900 ¹

213 3897 294 4014 gitur
313 3900 478 3958 inluciscat,
522 3897 578 3950 uod
596 3900 763 3964 coniectura
778 3908 925 3951 assecutus
947 3908 1010 3954 erat
1025 3899 1180 3960 Acidaiius,
1221 3917 1284 3980 595,

234 3964 261 4015 ic
277 3962 363 4034 piano
386 3966 446 4020 Pol.
462 3966 486 4016 6,
531 3963 624 4019 elmu.
646 3976 677 4017 st
700 3967 815 4021 Monac.
839 3966 888 4017 Vm
913 3968 1146 4035 acquisiturum,
1166 3968 1284 4019 Etdtes

212 4044 324 4082 encore
341 4048 401 4094 occ,
451 4030 509 4098 396.
535 4032 584 4083 ibo
607 4046 664 4088 nou
686 4031 830 4102 liquiescit.
879 4048 938 4101 409.
964 4034 1051 4099 quod,
1069 4031 1196 4102 aliquod.
1213 4035 1280 4089 vid.

207 4097 291 4150 Parci
308 4096 393 4150 loric.
409 4095 506 4152 Plaut.
525 4115 549 4151 v.
568 4098 678 4154 Malum
694 4101 765 4172 quod
783 4099 832 4151 isti
850 4107 903 4153 etc.
929 4098 972 4152 Cf.
991 4099 1081 4154 Stich.
1100 4110 1158 4166 243.
