2725 4659
469 211 728 331 curenno.
1049 285 1124 361 au

69 442 129 504 ΤΗ.
149 439 258 503 Meau’
280 437 401 503 ancilla
415 437 519 501 libere
529 428 571 502 vut
584 437 635 510 sit,
658 453 755 563 qqam
768 456 828 519 ego
843 454 1013 522 nunquam
1031 443 1125 507 emisi

221 558 224 565 .
582 538 697 581 manu.

67 608 123 668 ΡΗ.
146 606 228 688 Quis
245 604 315 671 ,tibi
333 603 421 667 hanc
437 602 525 665 dedit
544 604 716 681 mancupio
737 616 794 664 aut
820 604 904 665 unde
923 606 1053 667 emisti?
1072 607 1124 668 fac

575 703 689 746 sciam.

66 773 128 836 ΤΗ.
149 771 218 854 Ego
243 769 374 851 quidem
395 788 452 848 pro
466 770 546 831 istac
564 787 635 828 rem
650 766 734 826 solvi
761 767 801 826 ab
814 773 978 847 trapezita
1000 791 1085 833 meo.

68 859 177 937 Quam
205 873 265 935 ego
285 854 455 932 pecuniam
475 849 719 933 quadruplicem
741 848 796 909 aba
821 864 855 911 te
879 865 913 912 et
934 852 1050 914 lenone
1069 873 1125 916 au·

519 970 523 979 ·
576 929 700 994 feram!
1062 939 1123 998 διο

62 1027 123 1086 ΡΗ.
140 1022 213 1101 Qui
229 1017 291 1081 scis
310 1017 447 1077 mercari
466 1016 602 1076 furtivas
624 1026 719 1091 atque
740 1015 894 1094 ingenuas
914 1015 1067 1097 virgines,

62 1103 207 1167 Ambula
221 1098 337 1177 injus!
359 1098 420 1160 ΤΗ.
438 1102 515 1162 Nou
530 1116 576 1161 eo.
599 1096 766 1160 Pm'Licet
777 1099 954 1159 antestari?
968 1099 1031 1165 ΤΗ.
1047 1101 1125 1162 Nou

176 1214 180 1219 ·
578 1181 665 1242 licet.

64 1272 124 1332 Pu.
147 1267 273 1346 Jupiter
293 1278 326 1325 te
346 1264 432 1324 male
454 1263 630 1342 disperdat!
651 1263 822 1325 intestatus
843 1260 961 1327 vivito!

66 1351 126 1413 Cu,
148 1351 191 1410 Aa
206 1367 278 1429 ego,
292 1367 389 1426 quem
401 1347 490 1419 licet,
505 1359 537 1407 te
552 1390 560 1407 .
581 1389 588 1406 .
603 1390 612 1407 .
628 1390 636 1407 .
657 1344 717 1404 ΡΗ.
731 1343 857 1407 Accede
871 1343 947 1407 huc.
969 1344 1031 1409 ΤΗ.
1052 1345 1124 1408 Ser·
1204 1388 1207 1394 -

168 1454 172 1462 ·
578 1447 648 1487 vom
668 1427 846 1488 antestari?
865 1427 951 1486 vide!

65 1520 122 1581 Co.
140 1516 239 1588 Hem,
252 1523 291 1573 ut
307 1510 397 1582 scias,
413 1529 466 1570 me
485 1509 625 1571 liberum
639 1510 722 1568 esse!
752 1507 814 1569 ΤΗ.
831 1507 918 1590 Ergo
931 1508 1065 1572 ambula
1083 1513 1122 1572 in

574 1587 641 1666 jus!
662 1590 740 1650 hem
761 1590 840 1651 tibi!
1056 1597 1120 1672 §25

27 1744 28 1747 ,
63 1684 120 1744 Cu.
137 1680 165 1739 0
181 1680 277 1748 cives,
292 1674 393 1741 cives!
415 1673 477 1735 ΤΗ.
495 1672 583 1754 Quid
597 1674 736 1735 clamas?
750 1675 823 1798 3ΡΗ.
843 1671 930 1751 Quid
944 1675 1007 1736 tibi
1020 1678 1120 1743 istum

568 1757 671 1817 ‚tactio
692 1767 756 1815 est.

58 1847 116 1910 ΤΗ.
134 1844 228 1927 Quia
239 1840 321 1903 mihi
331 1840 473 1903 lubitum
487 1838 555 1903 est!
577 1842 635 1901 Pis.
650 1838 773 1898 Accede
785 1836 924 1907 huc‚tu!
941 1841 1011 1922 Ego
1020 1841 1118 1904 illum
1177 1890 1179 1895 ,

451 1972 455 1979 .
573 1920 634 1982 tibi
654 1920 787 1988 dedam3
810 1933 890 1979 tace.

60 2014 116 2074 Cu.
134 2006 352 2075 Phaedrome,
365 2004 504 2067 obsecro.
518 2023 606 2064 serva
622 2004 694 2062 me!
714 2005 773 2063 ΡΗ.
787 2000 957 2080 Tanquam
975 2023 1045 2066 me:
1064 2025 1119 2088 ge·

199 2123 201 2129 ·
572 2105 667 2145 mum
687 2104 808 2144 meum.

59 2173 164 2248 Miles,
181 2189 313 2253 quaeso,
331 2170 380 2230 uti
395 2168 479 2231 mihi
492 2168 587 2242 dicas,
606 2165 691 2227 unde
706 2166 803 2227 illum
814 2166 931 2228 habeas
949 2170 1097 2243 anulum,

59 2258 164 2337 Quem
186 2255 347 2337 parasitus
367 2251 420 2313 hic
443 2264 475 2311 te
498 2252 603 2313 elusit.
641 2252 699 2311 PL.
721 2251 784 2311 Per
805 2262 862 2310 tua
879 2271 985 2332 genua
1007 2267 1041 2315 te
1059 2254 1116 2313 ob·

572 2351 671 2401 secro,
1053 2338 1114 2412 65⁰

58 2421 103 2484 Ut
124 2441 183 2482 nos
209 2421 309 2480 facias
332 2414 498 2480 certiores!
539 2414 601 2478 ΤΗ.
631 2414 719 2494 Quid
737 2413 820 2475 istuc
841 2418 882 2477 ad
903 2437 958 2477 vos
977 2418 1116 2480 attinet?
1216 2424 1219 2428 ’

547 2548 551 2553 .
835 2512 878 2563 as'.
898 2512 921 2560 t.
1045 2543 1053 2560 .

59 2590 227 2670 Quaeratis
257 2582 462 2664 chlamydem
490 2579 742 2642 etzmachaeram
760 2577 863 2654 hanc,
890 2500 1041 2643 undelad
1060 2602 1115 2645 me

571 2663 771 2744 pervenerit!
993 2667 1052 2729 ιι,

58 2752 115 2818 Co.
136 2752 183 2814 Ut
213 2747 339 2812 fastidit
366 2744 539 2831 gloriosus!
569 2745 632 2809 ΤΗ.
653 2745 756 2844 Mitte
772 2746 891 2806 istum:
921 2768 982 2828 ego
1009 2748 1115 2811 dicam

628 2850 691 2889 ma.
957 2876 965 2894 .
1000 2875 1009 2895 ,
1042 2876 1051 2896 .

55 2890 112 2981 Cu}
133 2916 235 2980 Nihil
256 2928 313 2995 est,
334 2892 420 2995 quod
437 2913 508 2974 illic
529 2850 625 3054 dici?
637 2915 695 2974 Pu.
713 2909 789 3035 'Fac
802 2930 856 2971 me
874 2843 1053 3012 cerdortfmcr,
1074 2929 1115 2979 te

681 3014 720 3053 ο·
1003 3042 1012 3060 ⁰
1042 3042 1053 3064 ο

53 3081 114 3146 ΤΗ.
135 3083 207 3167 Ego
241 3079 359 3148 dicam.
389 3076 507 3159 Surge!
536 3015 720 3139 Hdndecrrem
741 3076 828 3159 agite
848 3090 944 3159 atque
967 3011 1138 3144 adidrum'

69 3196 72 3203 ⁴
573 3158 747 3221 advortite!
944 3164 969 3228 i,
986 3185 1009 3229 ς,
1051 3169 1113 3243 635
1152 3206 1155 3211 .

119 3425 178 3495 drq
195 3442 246 3495 pro
259 3438 319 3476 uon
335 3422 477 3492 liquescit.
510 3421 596 3502 Idam
614 3409 792 3501 mouendum
808 3420 843 3475 de
860 3422 1000 3502 voeabula
1017 3427 1114 3502 quadr·

53 3503 329 3611 titillatu:
349 3489 589 3631 dilutis
606 3488 1113 3620 dirlttlil‘iie‘'eredidit

92 3641 138 3677 em
155 3625 296 3677 antestari
318 3639 399 3693 posse
421 3631 507 3691 negat
523 3622 606 3675 miles
623 3632 775 3692 propterea
800 3622 878 3691 quod
893 3638 991 3674 servus
1006 3622 1051 3675 sit,
1069 3625 1112 3678 Cf.

50 3640 149 3743 ἔξω.
167 3692 227 3742 Sat.
247 3706 270 3753 1,
287 3689 371 3808 ηδ.
422 3688 478 3755 623.
497 3689 544 3740 Sic
561 3693 680 3758 Argent.
699 3706 723 3740 a.
743 3703 814 3755 1514.
836 3690 885 3740 V.:
902 3690 1006 3756 perdat.
1055 3689 1112 3758 625

52 3757 113 3808 ham
129 3756 180 3810 eibi
196 3755 301 3808 Guelf:
348 3754 478 3809 elmt'tad.
503 3766 533 3807 et
555 3764 622 3808 vett.
647 3755 711 3810 edd.
728 3756 778 3806 v.=
795 3757 863 3805 heus
879 3756 937 3805 ribi.
969 3754 1024 3807 Sed
1040 3757 1112 3811 Hem

52 3823 230 3876 verberantis
247 3831 302 3887 est,
326 3839 384 3874 non
406 3823 491 3874 Heus.
542 3821 599 3884 628.
616 3821 697 3874 Male
711 3822 800 3874 libri:
822 3822 927 3889 Tanqu.
945 3840 987 3871 me
1005 3836 1032 3873 et
1067 3843 1112 3877 en.

49 3908 83 3942 m.
135 3889 193 3956 651.
221 3890 322 3941 ellam.
344 3904 402 3940 non
425 3899 467 3941 est
490 3888 665 3941 elidendum.
715 3888 774 3953 634,
797 3888 843 3938 Sic
868 3895 936 3940 vett.
954 3890 1002 3942 V.t
1050 3913 1111 3958 .e.,

46 3957 176 4023 quiequid
194 3955 249 4006 ille
268 3957 343 4006 dicit.
377 3955 434 4022 634.
452 3957 555 4009 Versus
565 3955 746 4029 quidemhic,
757 3955 814 4006 erit
826 3956 912 4006 otiam
926 3954 1033 4024 absque
1045 3975 1110 4028 pro·

41 4024 167 4090 nomine,
184 4021 270 4090 quod
286 4023 409 4089 imerui3
427 4021 475 4074 sed
491 4022 607 4075 numeri
629 4030 715 4075 arunt
731 4019 819 4090 paulo
831 4020 1000 4076 debiliores.
1095 4042 1097 4047 ¹
