2725 4659
443 273 679 359 EPIDICUS.
710 353 714 365 ²
752 356 755 364 Δ
1018 300 1095 389 5473

32 457 143 519 Senex
162 458 226 519 ubi.
239 457 366 519 habitat
386 453 579 534 Periphanes
600 453 800 517 Plothenius.
839 482 848 493 ·

31 541 180 602 Incertus
200 554 292 609 tuom
312 558 390 599 cave
411 537 451 597 ad
470 555 532 596 me
544 536 695 601 retuleris
721 538 849 619 pedem.

31 628 90 687 Pr.
123 624 334 695 Adulescens,
363 618 516 689 'siistunc
535 618 722 692 hominem,
750 640 847 697 quem
864 634 903 682 tu
924 620 1093 701 quaeritas,

31 707 108 773 Tibi
131 717 402 779 conmonstrasso,
424 721 558 778 ecquam
578 699 632 762 abs
653 715 686 760 te
705 703 794 762 inibo
815 704 974 783 gratiam?
1018 750 1021 757 ,
1089 742 1095 781 ,

31 789 97 851 Mr.
120 788 247 848 Virtute
269 787 347 853 belli
368 798 508 846 armatus
527 785 710 864 promerui,
735 797 769 844 ut
789 785 873 846 mihi
1031 805 1099 865 43o

30 871 153 937 Omnis
173 869 319 930 mortalis
339 870 447 938 deceat
468 885 563 946 agere
584 867 708 947 gratias.
731 940 734 944 .

30 955 88 1015 Pe.
113 951 195 1015 Nou
215 953 368 1031 reperisti,
391 947 586 1019 adulescens,
608 948 820 1027 tranquillum
840 950 963 1027 locum,
1054 950 1056 955 ’
1089 982 1100 1023 t

30 1035 97 1097 Ubi
117 1047 200 1103 tuas,
216 1036 349 1095 virtutes
370 1032 521 1111 explices,
541 1043 579 1091 ut
598 1032 757 1111 postulas:
894 1037 896 1042 '
939 1057 943 1066 ·
1092 1058 1104 1099 t

30 1120 120 1181 Nam
147 1118 317 1184 strenuiori
337 1117 364 1176 si
383 1115 521 1175 deterior
540 1113 703 1192 praedicat
1095 1174 1098 1181 ,

30 1201 114 1260 Suos
136 1217 280 1279 pugnas„
302 1199 341 1258 de
362 1197 448 1257 illius
470 1216 522 1257 ore
542 1195 627 1257 fiunt
647 1196 799 1263 sordidae.
1032 1213 1109 1277 445Ἰ

34 1281 100 1342 Sed
120 1283 231 1352 istum,
253 1299 349 1360 quem
371 1282 505 1358 quaeris,
525 1278 740 1358 Periphanem
761 1278 979 1357 Plothenium,

35 1363 108 1442 Ego
134 1383 215 1431 sum,
244 1365 269 1424 si
292 1361 368 1442 quid
392 1364 447 1423 vis.
490 1359 554 1422 Mt.
576 1364 704 1440 Nempe
724 1363 761 1421 in
781 1362 995 1422 adulescentia

40 1447 152 1523 Quem
172 1443 256 1525 apud
275 1463 366 1523 reges
386 1455 568 1503 memorant
590 1445 699 1519 armis,
720 1457 788 1504 arte
808 1445 959 1515 duellica,
999 1490 1002 1495 .
1022 1490 1036 1495 .,
1068 1466 1074 1473 „
1094 1466 1099 1499 τ

35 1527 176 1586 Divitias
196 1545 325 1609 magnas
345 1523 539 1603 indeptum?
580 1528 637 1588 Pe.
660 1526 742 1597 Imo,
763 1529 789 1586 si
809 1527 916 1586 audias
1096 1580 1098 1587 ,

36 1606 128 1679 Meas
150 1629 285 1688 pugnas,
305 1608 411 1688 fugias
430 1607 581 1671 manibus
603 1609 749 1683 demissis
769 1608 914 1683 domum.
1035 1626 1100 1689 44σ

38 1688 102 1754 M1.
124 1691 184 1753 Pol
206 1711 265 1772 ego
286 1693 387 1770 magis
409 1709 521 1751 unum·
534 1708 660 1768 quaero,
681 1708 768 1747 meas
788 1692 862 1767 quoi
884 1691 1073 1768 praedicem,

38 1773 143 1851 Quam
150 1773 265 1846 illunc,
274 1777 330 1851 qui
341 1784 503 1839 memoret
512 1791 582 1833 suas
591 1772 684 1834 mihi.
701 1775 759 1833 Pa.
774 1772 838 1831 Hic
851 1762 918 1833 non
932 1790 979 1835 est
994 1776 1102 1849 locus,

40 1857 128 1934 Quin
148 1869 186 1923 tu
207 1857 310 1921 alium
331 1872 470 1936 quaeras,
492 1855 569 1932 quoi
589 1868 740 1914 centones
762 1858 882 1915 sareias.
969 1925 972 1930 .
1030 1922 1032 1929 ¹

37 1965 76 1976 -
96 1940 201 2019 Atqui
220 1938 299 1997 haec
321 1937 457 1997 stul-titia
478 1949 536 2008 est,
557 1956 609 1995 me
630 1937 683 1995 illi
703 1937 782 1996 vitio
803 1951 941 2011 vortere,
1101 2008 1104 2013 p

37 2017 173 2100 Egomet
196 2019 281 2099 quod
300 2020 439 2080 factitavi
458 2020 495 2077 in
516 2018 743 2087 adulescentia,
1034 2037 1097 2102 445

39 2104 146 2181 Quom
168 2102 366 2162 militabam:
389 2101 504 2181 pugnis
526 2100 741 2161 memorandis
761 2100 841 2162 meis
917 2166 929 2173 .,

36 2182 246 2253 Eradicebam
267 2184 439 2251 hominum
461 2182 555 2254 auris,
578 2183 706 2262 quando
728 2200 942 2262 occoeperam.
963 2214 1004 2233 -ι-

40 2264 97 2330 Mt.
119 2269 280 2340 Animum
293 2267 444 2330 advorte:
463 2278 500 2324 ut
515 2264 597 2343 quod
612 2284 669 2345 ego
685 2265 725 2323 ad
741 2277 773 2333 te
791 2267 895 2336 venio,
915 2270 1103 2350 intellegas(

38 2345 146 2410 Meam
170 2352 308 2409 amicam
330 2349 434 2408 audivi
455 2360 487 2406 te
509 2367 573 2407 esse
595 2360 783 2409 mercatum.
825 2350 880 2411 Pr.
903 2352 1024 2421 Attate,
1099 2380 1102 2387 Δ

41 2432 136 2494 Nunc
156 2433 293 2500 demum
314 2434 378 2491 scio
401 2449 461 2510 ego
483 2428 590 2570 hunisl
605 2430 659 2509 qui
680 2432 738 2503 sit:
762 2449 858 2509 quem
880 2432 1003 2495 dudum
1021 2434 1098 2512 Epi<

188 2570 192 2577 ,
591 2530 647 2572 cus
1077 2536 1098 2585 q

41 2590 125 2658 Mihi
145 2597 344 2679 praedicavit
363 2595 503 2656 militem
524 2621 566 2633 -
586 2594 791 2665 Adulescens,
812 2597 859 2655 ita
880 2608 938 2668 est,
1034 2530 1098 2637 45»

41 2677 86 2738 Ut
106 2676 305 2751 dirissimi.
373 2676 435 2740 M1.
457 2677 536 2737 Volo
556 2690 588 2736 te
613 2677 715 2737 verbis
738 2678 894 2756 pauculis.

43 2759 74 2820 Si
93 2763 353 2829 tibimolestum
373 2771 508 2823 nonest.
551 2759 608 2820 Pr.
629 2762 705 2829 Non
726 2759 838 2839 edepol
859 2762 934 2833 seio,

43 2838 232 2913 Molestum,
255 2863 302 2904 an
323 2863 399 2909 non,
421 2857 478 2914 est,
495 2837 616 2913 ¹nisisi
637 2842 727 2911 dicis,
750 2842 826 2921 quid
846 2844 935 2904 velis.

44 2919 105 2988 M1.
117 2926 168 2988 Mi
180 2928 271 2999 illam
286 2939 324 2984 ut
331 2929 498 2991 tramittas,
507 2920 832 3006 argentumvaccipias.
846 2924 901 2987 Pa.
912 2926 1014 2995 Habe.
1034 2945 1098 3009 455

45 3004 105 3070 Mt.
122 3013 211 3071 Nam
228 3008 310 3088 ,quid
331 3028 389 3088 ego
411 3006 494 3087 apud
516 3020 548 3066 te
570 3006 718 3085 proloqui
738 3009 887 3086 pascam?
908 3009 989 3072 Volo

45 3084 111 3168 Ego
131 3092 232 3158 illanc,
252 3089 348 3163 hodie
369 3091 476 3153 facere
495 3089 644 3149 libertem
669 3109 789 3162 meam,
805 3130 818 3157 2

45 3167 131 3232 Mihi
152 3173 332 3233 concubina
353 3192 432 3250 quae
455 3174 503 3233 sit.
531 3170 586 3231 Pa.
610 3171 658 3233 Te
679 3171 837 3231 absolvam
861 3174 961 3240 brevi.

45 3253 181 3335 Argenti
202 3257 433 3337 quinquaginta
454 3255 501 3312 mi
520 3252 576 3325 illa
595 3266 680 3313 emta
701 3267 747 3316 est
767 3258 882 3329 minim

46 3329 79 3390 Si
99 3340 265 3420 sexaginta
286 3339 368 3396 mihi
388 3337 640 3396 denumerantur
659 3338 786 3411 minaet
857 3380 860 3384 ι
1038 3340 1098 3418 460

47 3411 131 3479 Tuas
152 3422 207 3500 pol
229 3421 352 3482 sedebit
370 3418 490 3478 mulier
509 3418 583 3477 faxo
603 3420 718 3490 ferias3

1082 488 1095 542 vt

111 3551 169 3615 426.
185 3550 364 3617 Plothenius,
381 3546 521 3617 medenda
544 3570 577 3607 ox
599 3553 677 3606 tribu
694 3554 826 3622 Aegeide.
856 3552 901 3605 Sic
924 3555 1053 3619 Petitus,
1069 3562 1100 3607 et

50 3630 133 3678 reete.
150 3628 198 3681 V.:
221 3628 374 3745 IJatetrius.
423 3644 482 3695 44²·
508 3629 607 3681 Minus
629 3638 707 3680 recte
729 3627 814 3684 libris
839 3630 923 3679 locus.
952 3629 1026 3697 Quin
1043 3638 1106 3684 ete:

167 3760 221 3816 Mt.
239 3762 314 3812 Mihi
330 3762 409 3812 illam
425 3763 620 3814 ut'tromittost
637 3776 779 3830 argentum
796 3762 928 3827 occipias.
1099 3804 1103 3815 ,

166 3826 217 3883 Pa,
234 3828 353 3880 Habeas.
376 3829 429 3881 Mt.
444 3829 517 3881 Nom
532 3830 595 3896 quid
613 3848 661 3895 ego
680 3830 752 3894 apud
770 3843 796 3878 te
808 3845 919 3894 porcum
930 3828 1077 3898 proloqui?

168 3894 225 3958 Ego
244 3895 323 3946 illam
340 3896 420 3949 hodie
436 3896 497 3946 uolo
509 3897 609 3962 faeere
628 3896 751 3945 libertam
768 3907 862 3944 incurrit
892 3912 897 3921 ·

48 3947 101 4004 Sed
123 3959 246 4034 occipias
268 3971 395 4014 extremo
418 3963 539 4026 iambico
571 3963 682 4019 senario
706 3961 783 4013 haud
806 3961 950 4012 convenit.
976 3962 1036 4015 Scri
1057 3981 1098 4017 se·

46 4027 112 4071 runt
127 4021 240 4078 librarii
257 4029 384 4093 Habeas,
408 4037 441 4079 ut
459 4031 610 4093 tramittas,
634 4029 766 4093 occipias.
805 4029 880 4079 Hinc
897 4028 966 4079 ittae
988 3982 1098 4085 turdus.

44 4080 98 4144 451·
118 4088 164 4140 V..·
189 4094 262 4145 Tuas
278 4095 427 4163 possidebit
444 4114 478 4147 m.
491 4096 520 4161 s.
532 4096 571 4162 f„
589 4093 666 4164 quod
682 4093 734 4146 alii
749 4091 834 4146 aliter
850 4102 1006 4150 tentarunt.
1076 4131 1078 4135 v
