2725 4659
476 264 760 345 Mendrion
848 339 850 346 ,
884 339 887 344 ,
1071 297 1145 367 445

89 456 151 518 Du.
172 453 231 516 ille
247 452 379 534 quidem
401 449 500 515 illanc
515 472 583 514 sese
601 451 755 516 ancillam
768 452 866 514 matri
881 450 1148 519 emisse‘dixerat.

88 539 150 601 Eu.
159 538 331 618 Propterea
344 538 445 616 igitur
459 550 495 595 tu
509 550 669 598 mercatus
679 556 777 597 novos
793 549 927 605 amator,
941 550 1029 596 vetus
1044 537 1147 617 puer?

88 624 147 685 Lu.
178 620 321 701 Optume
345 617 472 682 hercle!
499 622 621 703 Perge,
639 616 785 700 perge!
807 619 878 701 Ego
898 619 1049 680 adsistam
1069 619 1149 682 binc

603 701 803 763 altrinsecus.
850 705 853 710 ’
1081 703 1149 779 ’965

89 784 220 865 Quibus
244 795 292 844 est
317 782 409 843 dictis
434 781 572 865 dignus,
594 804 697 866 usque
717 803 886 844 oneremus
907 782 1002 843 ambo
1017 826 1027 844 .
1042 826 1053 844 .
1068 823 1100 845 ·.

834 867 898 925 Du.
920 866 1040 927 Nullus
1053 862 1147 929 sum'l

87 952 148 1011 Lu.
164 948 248 1009 Filio
262 966 319 1008 suo
337 950 393 1025 qui
409 948 577 1009 innocenti
593 948 671 1009 fecit
690 961 817 1008 tantam
837 949 1009 1022 iujuriam!

87 1031 151 1096 Eu.
168 1033 278 1113 Quem
293 1030 424 1110 quidem
434 1031 547 1092 hercle
558 1050 633 1112 ego,
646 1032 729 1091 indu
743 1032 882 1092 exilium
892 1050 993 1111 quom
1007 1030 1148 1101 iteme-

605 1113 686 1174 duxi
707 1115 856 1177 domum:

87 1197 249 1262 Namibat
260 1195 439 1256 exulatum.
452 1195 515 1257 Du.
523 1199 574 1256 An
585 1196 689 1256 abiit?
705 1196 876 1257 Lr.Etiam
884 1197 1027 1277 loquere,
1034 1195 1149 1256 lariie?

86 1280 286 1359 Temperare
304 1280 383 1338 istac
405 1292 509 1339 aetate
527 1280 596 1341 istis
621 1278 753 1339 decebat
779 1279 910 1341 artibus.
1083 1289 1149 1355 ,970

85 1363 150 1426 Du.
173 1363 308 1422 Fateor:
331 1361 453 1439 deliqui
473 1362 625 1441 profecto.
668 1362 730 1422 Eu·
753 1363 863 1424 Etiam
883 1362 1015 1444 loquere
1034 1359 1148 1421 larda?

85 1446 228 1505 vacuom
244 1463 310 1504 esse
328 1444 406 1504 istac
423 1444 477 1506 ted
493 1456 596 1505 aetate
612 1443 664 1505 his
681 1444 815 1505 decebat
834 1448 950 1507 noxiis.

85 1526 1147 1604 Itidemuttetnpusanni‚aetatemaliamaliudfactumconvenitt

84 1614 171 1675 Nam
186 1612 213 1671 si
227 1612 309 1669 istnc
324 1609 374 1685 jus
394 1622 453 1679 est,
474 1622 600 1670 senecta
620 1623 725 1671 aetate
746 1612 878 1671 scortari
898 1629 1001 1678 senes,

84 1693 152 1754 Ubi
172 1693 234 1752 loci
259 1712 310 1753 res
332 1710 460 1753 summa
479 1707 588 1753 nostra
611 1707 661 1752 est
683 1691 834 1770 publica?
864 1693 928 1756 Du.
953 1692 1036 1763 Hei,
1066 1692 1150 1771 perii

603 1775 721 1833 miser!
1086 1788 1148 1848 975

84 1859 145 1921 Eu.
166 1856 394 1917 Adulescentes
410 1857 458 1915 rei
471 1855 620 1935 agundae
637 1858 692 1916 isti
701 1874 796 1939 mage
805 1855 910 1917 solent
918 1874 1051 1937 operam
1061 1854 1147 1918 dare.

82 1938 221 2001 Drtam
229 1937 371 2008 obsecro,
380 1937 489 1997 hercle
502 1935 621 1997 habete
631 1939 719 1999 vobis
729 1941 1010 2018 cumsportiscum
1017 1937 1146 1998 fiscina!

80 2023 144 2084 Eu.
161 2020 273 2084 Redde
295 2019 392 2090 filiot,
408 2021 469 2081 sibi
480 2020 600 2081 hebeat
612 2022 687 2096 jem,
712 2035 748 2082 ut
761 2023 846 2081 volt!
867 2022 931 2084 Du.
944 2023 1009 2083 Per
1022 2039 1076 2080 me
1089 2020 1148 2080 ha·

513 2116 517 2124 ’
601 2103 676 2165 beat
693 2105 778 2166 licet.

82 2186 145 2250 Eu.
155 2184 310 2265 Temperi
321 2184 458 2265 edepol:
474 2190 628 2266 quoniam
636 2201 673 2247 ut
688 2188 783 2247 aliter
790 2186 899 2257 facias,
909 2205 975 2245 non
987 2198 1034 2245 est
1044 2188 1145 2265 copia.

80 2269 145 2330 Du.
161 2266 306 2346 Supplici
316 2267 376 2328 sibi
384 2284 501 2341 sumat,
510 2273 597 2349 quod
606 2270 681 2340 volt,
691 2271 760 2349 ipse
768 2270 809 2330 ob
816 2269 1072 2342 hancinjuriam,
1085 2278 1147 2347 980

79 2350 181 2412 Modo
203 2361 313 2430 pacem
333 2351 469 2423 fecistis,
492 2371 558 2424 oro,
579 2364 617 2411 ut
637 2371 679 2410 ne
700 2353 783 2413 mihi
803 2355 902 2412 iratus
924 2355 992 2411 siet.

80 2432 115 2492 Si
135 2433 246 2494 hercle
268 2434 431 2494 scivissem
453 2436 518 2494 sive
539 2435 616 2496 adeo
637 2434 743 2512 joculo
765 2436 898 2496 dixisset
919 2433 1014 2507 mihi,
1124 2497 1125 2502 1

80 2513 121 2576 Se
134 2515 230 2576 illam
244 2533 372 2581 amaret
396 2535 562 2596 nunquam
577 2518 728 2590 facerem,
748 2532 787 2579 ut
799 2518 890 2578 illam
907 2518 1031 2578 amanti
1045 2516 1146 2578 ebdu-

597 2619 716 2662 cerem.

77 2680 238 2762 Eutyche,
255 2681 310 2741 ted
324 2701 378 2741 oro
398 2677 526 2757 (sodalis
541 2684 608 2760 ejus
623 2680 688 2758 es),
709 2701 798 2744 serva
819 2695 853 2743 et
874 2679 1021 2745 subveni!

77 2765 176 2825 Hunc
194 2783 304 2824 senem
320 2783 397 2844 paru
414 2764 586 2830 clientem!
609 2763 793 2827 Memorem
813 2765 897 2827 dices
913 2764 1060 2826 benefici.
1082 2778 1145 2845 985

75 2849 139 2909 Lu.
162 2847 238 2918 Ora,
260 2859 297 2905 ut
316 2849 462 2927 ignoscat
483 2849 608 2910 deliciis
630 2849 699 2923 eius
720 2862 815 2928 etque
835 2848 1083 2912 adulescentiae.

75 2931 142 2996 Dr.
171 2931 301 3011 Pergin'
325 2942 363 2990 tu
390 2943 499 2991 autern
520 2933 555 2993 in
575 2932 664 2992 hunc
686 2930 820 3011 superbe
842 2931 1018 2998 invehere?
1046 2931 1144 3013 Spero

596 3034 656 3097 ego
677 3014 759 3075 mihi
787 3032 912 3092 quoque

76 3095 222 3176 Tempus
243 3096 309 3156 tale
330 3106 542 3167 eventurum,
563 3108 601 3157 ut
617 3096 680 3158 tibi
702 3099 840 3179 gratiam
859 3097 999 3157 referam
1020 3115 1143 3177 parem.

75 3177 140 3242 Lu.
161 3176 275 3240 Missas
294 3178 359 3255 jam
374 3178 449 3238 istus
467 3179 543 3240 artis
559 3180 624 3239 feci
639 3199 709 3259 ego.
732 3180 794 3239 Du.
811 3177 852 3238 Et
865 3180 996 3260 quidem
1010 3200 1071 3261 ego
1087 3179 1142 3238 de-

597 3262 769 3336 hincjam.
810 3260 869 3326 Lr.
895 3260 998 3322 Nihil.
1131 3281 1133 3286 ·

76 3341 319 3403 consuetudine
327 3344 455 3403 animus
462 3362 571 3404 rursus
580 3358 611 3404 te
620 3343 683 3405 huc
692 3344 831 3405 inducet.
847 3344 909 3406 Du.
919 3342 1068 3404 Obsecro.
1083 3363 1144 3423 99⁰

74 3424 159 3485 Satis
176 3426 240 3500 jam
253 3439 289 3485 ut
307 3423 465 3506 habeatis!
489 3427 577 3508 Quin
592 3429 668 3489 loris
686 3427 809 3488 caedite
822 3431 933 3496 etiam,
949 3426 974 3486 si
990 3424 1100 3485 lubet!
1181 3493 1183 3498 ¹

72 3508 136 3570 Lr.
160 3508 262 3569 Recte
279 3507 367 3570 dicis.
382 3505 445 3569 Sed
461 3511 543 3569 istuc
561 3529 645 3571 uxor
661 3511 768 3582 faciet,
781 3529 878 3588 quom
894 3508 956 3568 hoc
971 3510 1143 3571 resciverit

69 3592 139 3654 Du.
160 3588 255 3650 Nihil
274 3604 364 3672 opust
386 3594 543 3655 resciscat.
572 3593 634 3658 Eu.
655 3593 742 3674 Quid
763 3593 857 3653 istic?
881 3592 959 3653 Non
971 3592 1141 3656 resciscet:

596 3694 638 3737 ne
658 3679 749 3737 time.

140 3800 199 3869 963,
212 3803 260 3854 V.:
276 3804 316 3854 in.
350 3803 466 3870 977.V.t
485 3822 545 3857 cum
552 3805 652 3872 porcis.
661 3802 740 3855 Corr.
748 3792 828 3854 A‘cid
843 3797 998 3851 etSelmas.
1024 3800 1141 3868 978.V.:

71 3866 223 3920 -habeat
236 3869 355 3939 Du.jam
368 3870 477 3936 utvolt,
490 3889 585 3938 perme
598 3870 685 3923 sitit.
697 3871 715 3919 l.
740 3886 798 3936 959.
813 3866 931 3919 Soloece
940 3865 1023 3921 libris
1038 3869 1143 3934 copiae,

70 3950 129 3987 nec
142 3935 246 3988 melius
258 3952 338 4005 sequ.
355 3951 452 3987 versu:
472 3940 537 4002 quid
551 3938 616 3988 volt.
639 3946 697 4003 985.
714 3935 813 3987 Putide
822 3931 1011 4002 exemplaria:
1026 3951 1094 3996 pam
1102 3954 1143 3986 me

73 4000 114 4053 cl.
137 4010 195 4074 987.
209 4004 266 4055 Pro
281 4007 310 4053 in
323 4003 458 4058 huncvet.
472 4003 547 4055 liber
554 4004 665 4055 Cemer.
678 4022 685 4053 ε
704 4002 836 4066 huc,Pel.
854 4002 910 4051 hic.
941 4016 1000 4067 995.
1013 4002 1062 4050 V.=
1077 4002 1143 4068 quid

71 4068 170 4119 istuc?
186 4069 317 4122 Alterum
325 4068 488 4134 habetPal„
508 4071 588 4133 cujus
597 4069 823 4137 tamenetipsius
836 4066 994 4136 descriptor
1003 4069 1074 4116 istuc
1090 4066 1141 4116 de·

69 4132 158 4188 derat
170 4133 264 4194 initio.
287 4137 359 4205 Quid
374 4136 459 4188 istie?
473 4146 515 4190 est
522 4135 773 4190 formulatandem
781 4145 808 4188 et
816 4150 900 4204 aegre
910 4132 1140 4186 concedentium.
