2725 4659
251 276 323 346 50⁹
589 247 645 320 M.
694 249 737 316 A,
787 245 970 317 PLAUTI

251 433 312 496 ΡΗ.
335 427 500 511 Quidquid
515 440 579 502 ert,
600 429 668 508 ipse
683 427 744 488 ibit
758 427 875 508 potius.
918 428 976 489 Cr.
998 424 1085 489 Proh
1100 425 1198 487 deum
1214 440 1293 506 etque

768 509 941 570 hominum
962 510 1073 579 fidem,

253 597 398 658 Hocoine
417 591 533 674 pactod
549 590 776 653 indemnatum
791 604 888 670 atque
907 592 1097 653 intestatum
1118 611 1174 653 me
1191 592 1293 671 abripi?

247 668 415 749 Obsecro,
437 676 642 748 Planesium,
664 687 697 734 et
718 687 770 746 te,
791 672 1008 747 Phaedrome,
1029 673 1191 734 auxilium
1210 687 1242 735 ut
1256 675 1293 734 fe·

768 757 864 817 ratis!
1160 769 1185 815 r.
1206 769 1229 816 t.

255 847 311 906 ΡΙ..
327 842 450 912 Frater,
461 840 591 899 obsecro
605 838 727 911 te,noli
733 836 821 901 hunc
828 838 1055 898 indemnatum
1062 837 1210 916 perdere!
1221 850 1241 899 t.
1248 852 1291 899 rc

254 925 342 986 Bene
360 939 393 986 et
412 922 529 1006 pudice
548 939 602 982 me
622 921 713 982 dorni
731 920 857 984 habuit.
899 920 960 982 Tu.
981 918 1077 979 Haud
1096 919 1255 981 voluntate
1268 922 1290 981 id

773 1023 846 1063 sua:
1104 1003 1126 1062 i.
1147 1014 1172 1064 t.
1330 1006 1331 1011 ’

253 1087 443 1169 Aesculapio
458 1084 537 1146 huic
552 1080 681 1158 habeto,
704 1098 802 1163 quom
820 1084 989 1165 puriores,
1011 1086 1167 1167 gratiam:
1203 1006 1289 1147 ted?
1330 1090 1331 1179 i

252 1172 341 1233 Nam
360 1173 387 1232 is
409 1172 435 1231 si
458 1168 617 1241 valuisset,
630 1165 847 1245 ¹jampridem,
869 1186 995 1249 quoquo
1007 1180 1139 1245 posset,
1160 1167 1289 1229 mitteret.

251 1252 314 1317 ΡΗ.
330 1255 488 1314 Animum
505 1248 673 1318 advortite,
690 1251 881 1330 sipotissum
894 1249 1049 1310 hocinter
1063 1270 1116 1311 vos
1126 1268 1290 1329 conponere

255 1333 355 1397 Mitte
368 1335 489 1397 istunc!
510 1333 636 1393 Accede
648 1331 733 1404 huc,
747 1332 840 1394 leno!
862 1331 977 1393 Dicam
991 1350 1096 1392 meam
1111 1335 1290 1402 sententiam,
1330 1402 1331 1405 Ἴ

255 1416 290 1479 Si
307 1417 437 1496 quidem
451 1413 555 1488 voltis,
577 1414 663 1494 quod
678 1414 827 1486 decrero,
849 1414 965 1476 facere.
1008 1412 1071 1476 Tu.
1094 1413 1172 1474 Tibi
1186 1414 1291 1497 permit·

767 1497 879 1560 timus.
945 1548 948 1552 .
1264 1515 1291 1556 oo

256 1564 316 1644 Cn.
338 1579 428 1641 Dum
441 1574 573 1658 quidem
587 1576 697 1641 hercle
713 1580 761 1640 ita
779 1579 912 1655 judices,
926 1596 968 1637 ne
985 1579 1154 1659 quisquam
1166 1598 1186 1639 a
1197 1516 1291 1640 mequ-
1329 1604 1331 1649 t

770 1675 908 1741 gentum
930 1660 1062 1722 auferat.
1329 1664 1331 1679 ⁴

256 1745 319 1809 Tu.
344 1744 481 1824 Quodne
496 1745 667 1826 promisti?
711 1742 770 1806 Ca,
793 1741 950 1809 Promisi?
979 1745 1063 1821 quii>
1098 1745 1159 1804 ΡΗ.
1180 1743 1292 1823 Lingua

335 1893 339 1902 ,
691 1828 749 1889 Cn.
771 1823 893 1886 Eadem
910 1844 998 1885 nunc
1015 1844 1107 1908 nego.
1128 1845 1172 1886 as.
1180 1825 1291 1888 1.de

256 1909 500 1983 Dicundihaec,
514 1927 581 1970 non
593 1928 665 1970 rem
675 1906 844 1988 perdundi,
853 1909 954 1987 gratia
968 1922 1043 1967 nata
1051 1921 1098 1969 est
1115 1909 1207 1970 mihi.
1220 1922 1292 1972 tto.

257 1993 321 2053 Tu.
342 1992 437 2053 Nihil
457 1993 542 2074 agit:
565 1991 689 2051 collum
709 1990 873 2075 obstringe
896 1987 1038 2050 homini!
1084 1989 1144 2051 Cn.
1166 1992 1293 2065 lamiam,

769 2073 903 2139 faciam,
924 2084 960 2130 ut
982 2072 1117 2147 jusseris.

257 2158 319 2220 Tu.
336 2152 473 2236 Quando
491 2156 541 2217 vir
554 2155 658 2216 bonus
672 2174 716 2226 es,
731 2153 897 2233 responde,
911 2153 996 2230 quod
1009 2175 1098 2238 rogo.
1144 2156 1203 2219 CA.
1216 2157 1294 2239 Roga,

772 2236 856 2315 quod
876 2234 981 2299 lubet.
1250 2256 1295 2317 705

258 2322 321 2386 Tu.
342 2320 539 2391 Promistin',
564 2322 590 2381 si
602 2319 731 2380 liberali
745 2320 912 2400 quisquam
927 2317 1011 2394 hanc
1026 2319 1184 2383 adsereret
1205 2342 1295 2389 manu,

258 2404 308 2465 Te
332 2423 427 2466 omne
453 2416 627 2482 argentum
651 2400 878 2542 redditudrum?
928 2400 986 2463 Cr.
1016 2399 1094 2462 Non
1117 2403 1297 2467 conmemiui

742 2532 745 2537 .
792 2502 887 2545 rcere.

258 2570 319 2632 Tu.
338 2563 446 2648 Quid?
466 2565 586 2647 negas?
628 2563 689 2630 cs.
703 2569 796 2650 Nego
808 2564 922 2706 herclel
933 2583 1017 2706 serp.
1042 2567 1115 2647 Quo
1129 2568 1296 2649 praesente?

794 2667 834 2707 uo
854 2667 890 2707 m
925 2666 980 2708 oco

259 2731 324 2794 ΤΗ.
337 2729 395 2789 Me
410 2732 479 2809 ipso
493 2740 658 2809 praesente
671 2744 705 2790 et
714 2671 870 2810 traplezita
881 2730 1020 2809 Lycone.
1043 2729 1100 2790 Cu.
1119 2733 1195 2794 Non
1209 2735 1296 2795 taces?

261 2814 325 2877 Tu.
346 2815 423 2874 Non
439 2826 540 2874 taceo.
583 2811 641 2874 Cr.
662 2815 821 2896 Nonego
833 2825 867 2872 te
884 2809 1093 2887 floccifacio,
1114 2834 1157 2877 ne
1178 2837 1230 2879 me
1248 2830 1296 2877 ter·

437 2942 439 2947 ,
513 2908 515 2911 ’
773 2895 861 2955 rites.
1271 2918 1296 2958 ro

258 2974 321 3038 Te.
343 2971 400 3036 Me
424 2976 493 3056 ipso
517 2988 684 3056 praesente
705 2989 738 3036 et
757 2976 886 3057 Lycone
907 2975 1034 3037 factum
1055 2992 1114 3043 est.
1157 2980 1216 3046 Pu.
1237 2919 1297 3044 sdes

772 3057 867 3119 credo
886 3059 956 3120 tibi.

261 3141 357 3202 Nunc
381 3140 475 3214 adeo,
504 3153 541 3200 ut
560 3154 600 3201 tu
620 3140 701 3200 scire
720 3143 835 3220 possis,
863 3142 954 3211 leno,
976 3162 1086 3206 meam
1106 3149 1297 3209 sententiam:

259 3224 379 3286 Libera
399 3222 477 3285 haec
500 3236 565 3292 est3
596 3220 650 3283 hic
671 3223 768 3298 hujus
788 3223 888 3284 frater
909 3237 972 3296 est,
1002 3224 1079 3286 haec
1100 3245 1211 3292 autem
1229 3231 1296 3291 illius

775 3321 879 3384 soror3
985 3304 987 3308 ’
1023 3328 1065 3370 as.
1082 3325 1107 3369 t.
1122 3313 1233 3375 d.i.d

259 3387 349 3450 Haec
365 3385 447 3451 mihi
462 3385 578 3447 nubet:
600 3398 638 3447 tu
651 3384 728 3446 huic
741 3400 912 3471 argentum
924 3388 1042 3450 redde!
1074 3390 1146 3454 Hoc
1161 3395 1297 3471 judicium

773 3490 886 3530 meum
903 3485 960 3534 est.

260 3549 323 3614 Tu.
344 3550 397 3611 Tu
416 3564 526 3613 autem
548 3552 584 3613 in
610 3569 711 3613 nervo
740 3552 958 3693 jamdjpcebis,
987 3554 1052 3616 nisi
1079 3557 1128 3618 mi
1147 3571 1296 3641 argenton

773 3656 808 3695 re
852 3637 929 3696 itur.
1272 3658 1280 3698 ι

261 3714 320 3780 Cu.
340 3712 461 3778 Hercle
480 3718 583 3778 istanc
602 3737 674 3780 rem
695 3715 839 3796 judicasti
858 3716 1044 3796 perfidiose,
1066 3650 1296 3783 Phaedrome

325 3914 384 3983 691.
401 3904 450 3967 Va
472 3914 570 4033 gfdd?
586 3917 651 3983 quid
667 3918 731 3996 eft?
779 3914 836 3981 695.
854 3913 900 3966 Ita
916 3896 1074 3968 Holmstad.
1090 3926 1121 3994 et
1137 3914 1247 3972 Menae
1260 3914 1296 3967 t:

259 3978 347 4056 feros.
396 3980 455 4047 694.
497 3980 760 4050 1cMss.Fnsmg.
778 3979 1063 4048 Meurs.etGue1t.,
1086 3993 1159 4037 rtem
1176 3978 1238 4037 edd
1253 3996 1297 4037 U·

260 4042 336 4118 dine«
350 4047 397 4097 Va
417 4048 631 4100 condemnatum.
679 4064 743 4125 γοα.
756 4052 840 4125 Libri
855 4048 1018 4125 κικομὲτρωςς
1048 4057 1105 4126 Qui
1119 4058 1254 4128 promisi?
1278 4110 1282 4117 ,
