2725 4659
265 278 342 370 54⁸·
599 269 654 344 lu
706 274 750 365 a.
799 264 983 342 Paruit
1088 367 1092 375 ι

263 454 366 532 Atque
386 451 433 513 ita
451 449 604 531 prolecto,
625 460 663 510 ut
683 464 755 510 eam
776 468 817 511 ex
836 448 897 509 hoc
918 467 1071 510 exoneres
1091 466 1178 531 agro.

262 531 327 596 Mr.
348 533 446 595 Estne
468 547 555 593 emta
573 532 652 593 haec
671 535 719 593 mi
739 535 807 593 istis
827 531 975 612 legibus?
1003 533 1061 594 Pa.
1085 531 1211 592 Habeas
1225 529 1298 592 licet

205 622 209 637 '
261 617 378 680 Pulcre
399 614 583 676 conciliasti.
610 614 700 674 Heus
719 614 803 674 foras
825 614 964 685 educite,

230 754 234 759 ,
264 701 371 779 Quam
390 697 625 769 introduxistis,
642 694 823 760 fidicinam!
844 698 950 774 Atque
970 695 1070 756 etiam
1089 695 1180 768 fides,
1251 697 1300 774 465

259 781 302 845 Ei
323 798 403 858 quae
423 785 590 853 accessere,
611 779 671 841 tibi
691 778 807 839 addam
827 779 909 840 dono
931 780 1053 859 gratiis.

258 864 341 944 Age,
356 863 465 941 accipe
479 860 564 921 hauc
583 861 633 925 sis.
665 856 728 919 Mr.
752 862 844 941 Quae
859 872 892 921 te
910 860 1121 940 intemperiae
1135 860 1267 920 tenent?

260 947 348 1025 Quas
364 950 407 1005 ‘tu
427 941 511 1004 mihi
529 945 679 1005 tenebras
698 942 824 1003 trudis?
846 944 935 1022 Quin
955 954 991 1002 tu
1010 941 1182 1004 fidicinam

257 1026 397 1088 Produci
416 1027 504 1093 intus
525 1025 638 1101 iubet?
679 1024 736 1087 Pr.
757 1024 848 1085 Haeo
865 1043 940 1106 ergo
961 1037 1007 1085 est
1027 1023 1174 1087 fidicina.

257 1109 320 1170 Hic
342 1109 405 1169 alie
424 1106 516 1168 nulla
536 1122 591 1170 est.
633 1104 696 1169 Mr.
719 1109 795 1168 Non
815 1106 899 1169 mihi
918 1107 1034 1190 nugari
1055 1119 1156 1185 potes.
1248 1120 1293 1184 47⁵

259 1192 349 1270 Quin
369 1204 405 1252 tu
425 1190 489 1251 huc
508 1189 655 1272 producis
676 1189 845 1251 fidicinam*
862 1189 1151 1269 Acropolistidem?

257 1278 316 1339 Pa.
336 1273 436 1345 Haec,
457 1275 590 1354 inquam
611 1284 668 1336 est.
700 1270 763 1336 Mr.
788 1271 863 1368 N⁰.¹¹
879 1272 968 1342 haec,
988 1276 1134 1350 inquam,
1151 1268 1214 1335 est!
1236 1272 1292 1333 tte

769 1373 896 1415 novrsse
916 1373 970 1414 me

257 1434 367 1499 Meam
388 1456 458 1497 rere
479 1436 618 1499 amicam
636 1438 753 1518 posse?
774 1440 832 1500 Pa.
853 1434 957 1508 Hanc,
977 1437 1121 1516 inquam,
1142 1434 1232 1498 fllius

257 1517 353 1578 Meus
374 1519 537 1599 deperibat
557 1518 729 1581 fidicinam.
772 1519 835 1579 M1.
855 1517 943 1577 Haec
964 1538 1030 1578 non
1052 1533 1099 1578 est
1120 1538 1170 1583 ea.

255 1601 313 1663 Pr.
331 1601 441 1680 Quid?
461 1602 614 1662 nonest?
641 1599 704 1665 ΜῙ.
728 1600 803 1662 Non
827 1614 884 1661 est.
917 1601 974 1661 Pr.
997 1600 1091 1660 Unde
1114 1601 1195 1664 haec
1216 1602 1296 1683 igin

769 1685 919 1765 gentium
940 1684 1009 1744 est?

253 1763 414 1845 Equidem
425 1763 533 1827 hercle
552 1779 724 1851 argentum
737 1785 795 1846 pro
811 1764 870 1825 hac
887 1764 969 1827 dedi.
999 1762 1061 1828 Mr.
1078 1766 1187 1829 Stulte
1201 1766 1297 1827 dat!

254 1847 339 1908 Reor
360 1860 392 1908 et
415 1864 581 1927 peccatum
601 1852 744 1932 largiter.
787 1851 843 1909 Pa
866 1848 936 1907 Imo
957 1846 1037 1906 haec
1057 1867 1094 1908 ea
1116 1862 1187 1909 est:
1261 1862 1275 1875 ··

222 1983 226 1993 .
253 1928 338 1990 Nam
360 1950 487 1991 cervom
507 1935 593 2006 misi,
614 1950 724 1991 meum
746 1932 799 2010 qui
820 1931 934 1989 sectari
955 1929 1034 1990 solet

255 2011 419 2076 Gnatum:
439 2015 506 2095 ipso
526 2013 609 2073 hanc
630 2016 666 2072 in
686 2011 821 2072 articulo
843 2012 923 2070 emit
943 2010 1118 2075 fidicinam.

255 2091 318 2155 Mr.
340 2094 435 2164 Hem,
455 2096 528 2156 istic
549 2109 581 2155 te
601 2095 698 2153 homo
720 2095 913 2155 articulatim
935 2093 1086 2168 concidit,
1105 2113 1215 2166 senex,
1247 2098 1297 2175 ρ

256 2175 343 2236 Tuos
365 2194 478 2237 servos.
513 2179 570 2240 Pa.
594 2176 705 2257 Quid?
723 2173 887 2239 concidit?
923 2171 986 2236 Mr.
1007 2175 1059 2235 Sic
1075 2177 1210 2257 auspiciu
1224 2188 1280 2239 ests

254 2260 340 2321 Nam
360 2258 488 2319 fidicina
508 2280 564 2339 pro
585 2258 641 2318 illa
660 2256 742 2318 haec
765 2257 926 2336 subposita
948 2270 994 2317 est
1014 2258 1086 2322 tibi.

254 2340 370 2412 Senex,
391 2342 451 2402 tibi
471 2362 504 2403 os
525 2356 572 2403 est
594 2339 753 2402 sublitum
773 2339 867 2420 plane
888 2354 922 2400 et
942 2339 1050 2419 probe.

253 2421 322 2505 Ego
343 2423 443 2483 illanc
463 2426 627 2504 requiram
647 2424 724 2499 jam,
746 2422 860 2482 ubiubi
882 2435 938 2484 est.
959 2421 1114 2496 Bellator,
1135 2425 1214 2487 vale.

252 2507 311 2568 Pa.
319 2507 421 2586 Euge,
432 2524 525 2584 euge,
535 2505 682 2585 Epidice!
698 2505 786 2587 frugi
796 2509 846 2564 es!
864 2507 1066 2586 pugnavistil
1084 2505 1295 2586 homoes!485

256 2589 322 2667 Qui
343 2607 397 2647 me
420 2589 597 2649 emunxisti
618 2587 796 2656 mucidum,
818 2586 962 2647 minumi
982 2584 1085 2665 prati!
1107 2623 1151 2638 -

308 2664 480 2739 Mereatur
501 2684 533 2730 te
553 2668 650 2729 hodie
671 2681 720 2728 est
740 2669 778 2730 de
799 2670 917 2728 lenone
939 2668 1133 2747 Apoecides?

252 2748 424 2814 Ehodum!
464 2750 515 2813 Fr.
543 2751 630 2813 Istuc
661 2768 798 2891 nomeqrli
810 2764 981 2830 nunquam
1000 2751 1202 2815 audiviante
1219 2748 1293 2815 hu

317 2896 321 2903 .
800 2852 864 2904 emt

251 2916 366 2992 Neque
386 2933 493 2975 amere
513 2917 678 2996 quisquam
698 2914 765 2975 ulla
785 2914 915 2994 quidem
936 2917 1074 2993 pecunia

253 2995 309 3054 Me
330 2996 451 3073 potuit:
473 2997 544 3075 plus
566 2999 630 3073 jam
652 2999 753 3058 libera
774 3018 845 3059 sum
866 2999 1134 3076 quinquennium.
1244 3008 1291 3083 ρ

251 3080 308 3141 Pr..
331 3076 419 3154 Quid
438 3077 501 3137 tibi
521 3082 632 3161 negoti
653 3094 699 3141 est
719 3098 810 3139 meae
831 3080 918 3139 domi
931 3079 1053 3157 igitur?
1081 3084 1134 3144 Fr.
1149 3074 1276 3146 Audias

251 3158 416 3218 Conducta
437 3161 522 3231 veni,
544 3173 579 3220 ut
599 3161 715 3222 fidibus
736 3174 894 3222 cantarem
916 3165 996 3232 seui,
1272 3160 1276 3169 '

249 3241 340 3303 Dum
359 3261 430 3302 rem
450 3242 589 3304 divinam
609 3244 739 3305 laceret.
755 3244 824 3307 'Pu
846 3244 970 3317 Fateor,
990 3264 1045 3306 me
1066 3247 1220 3311 omnium
1282 3238 1291 3283 ⁸·

315 3415 373 3485 463.
391 3416 437 3471 Sic
453 3417 561 3487 Langg.
585 3418 615 3470 V.
633 3434 650 3469 a
671 3418 766 3471 verbis
789 3419 851 3470 istis
873 3419 978 3487 tegibus
998 3420 1181 3490 Periphanta
1204 3418 1313 3481 ooth·

249 3502 318 3540 nem
340 3483 491 3556 incipiunt.
540 3483 596 3551 464.
619 3483 700 3537 Libri
717 3484 847 3555 perduris
864 3488 1005 3539 numeris:
1030 3488 1225 3544 Conciliavisti
1238 3484 1289 3573 μ·

251 3572 294 3603 ere
311 3560 365 3603 etc.
416 3558 474 3619 478.
493 3552 580 3603 trudis
595 3550 725 3621 plerique
743 3567 841 3604 omnes
856 3551 924 3604 libri
947 3561 1016 3606 vett.
1034 3555 1083 3609 V.:
1109 3557 1203 3619 cudis..¹
1220 3566 1224 3575 ¹

171 3660 175 3666 .
247 3620 296 3671 Vm
316 3618 437 3670 Gnatum
459 3621 516 3686 ipsc
539 3618 611 3669 lieno
630 3623 693 3670 emit
702 3619 861 3685 fidicinam.
884 3618 955 3673 End.
977 3619 1105 3676 mediaei
1128 3624 1188 3687 ipat
1201 3622 1230 3677 lt.

246 3685 340 3802 qssuil.
354 3686 470 3754 Quaest.
486 3686 518 3735 in
534 3684 618 3753 Epid.
635 3703 659 3737 c.
674 3700 716 3750 5.:
735 3686 765 3735 in
782 3689 824 3750 eo)
842 3687 959 3737 articulo
978 3689 1041 3738 emit
1050 3688 1108 3754 fid.
1126 3686 1172 3747 Cf.

274 3749 368 3819 dolph.
392 3764 449 3816 205.
473 3751 538 3811 Non
555 3750 721 3803 elidendum
738 3753 813 3819 ipso,
830 3750 876 3801 vel
892 3750 1048 3820 legendum
1064 3754 1077 3804 i
1096 3757 1155 3806 sod.

245 3828 343 3869 versus
359 3814 462 3884 digesti
484 3818 516 3868 iu
534 3817 717 3869 editionibus.
766 3826 824 3884 481·
842 3820 889 3882 V.‚
911 3817 1070 3888 refraganti
1113 3830 1244 3877 stettt‘

242 3883 338 3933 stitit:
362 3883 403 3932 sic
421 3900 495 3952 susp.
515 3898 562 3935 est.
617 3891 674 3948 482.
702 3884 752 3934 itta
774 3885 943 3937 arcessitum
965 3901 999 3937 ex
1022 3886 1085 3939 edd.
1110 3880 1300 3955 modiin-*¹

245 3963 303 3999 non
320 3942 464 4016 liquescit.
514 3959 571 4013 435.
589 3950 634 4000 Ita
651 3950 764 4001 Camer.
780 3953 828 4004 Va
847 3952 938 4018 Euge,
951 3953 1043 4029 frugi,
1062 3954 1155 4024 Epid„
1166 3952 1249 4027 Μ
1295 3964 1299 3973 ’

246 4011 334 4064 nullia
351 4010 469 4080 quidem
486 4015 624 4065 numeris.
641 4016 671 4066 V.
690 4031 815 4085 quoquae
831 4031 970 4087 pugnarn.
1020 4027 1080 4084 438.
1096 4020 1120 4073 P

185 4144 189 4151 .
247 4077 308 4128 bri:
330 4079 374 4128 Fr.
394 4078 453 4144 Ego
470 4081 559 4130 istunc
576 4082 711 4133 bominem
727 4094 866 4152 nunquam
882 4102 908 4135 a.
923 4102 949 4134 a.
963 4084 990 4136 b.
1004 4086 1030 4136 d.
1141 4098 1145 4109 ¹
1185 4106 1191 4115 ·
1226 4088 1236 4115 ·'
1253 4084 1273 4115 ·'⁶
