2725 4659
474 264 710 334 usmarus.
1074 289 1120 359 95
1172 323 1174 330 ,

69 447 149 506 Aur.
170 444 298 505 Ecastor
317 445 464 507 coenabis
485 443 601 585 bodies
623 457 668 568 ut¹
680 443 797 527 dignus
816 465 859 518 es,
876 464 1035 529 magnum
1055 467 1123 509 ma·
1212 519 1216 524 Ι

595 548 667 586 um.
1087 550 1123 590 10

69 610 128 672 Dr.
151 606 240 670 Male
255 609 441 670 cubandum
462 621 528 675 est:
549 608 728 732 judicatqm
748 630 801 672 me
819 629 902 672 uxor
914 611 1048 672 abducit
1060 550 1122 672 310-

579 710 692 750 mum.

67 774 125 834 Aa.
146 773 364 846 Dicebamne‚
393 786 499 851 pater,
528 774 609 841 tibi,
636 792 678 833 ne
699 777 797 834 matri
816 776 995 837 consuleres
1015 775 1125 846 male?

67 856 138 918 Pru.
162 857 305 929 Amabo,
336 857 375 916 de
396 854 483 935 pulla
503 868 679 917 memento.
722 857 784 917 Dr.
803 856 921 916 Juben'
942 857 1027 922 hanc
1046 859 1124 921 hinc

580 937 768 998 abscedere?
976 943 998 1000 i.
1018 954 1042 1002 t.

66 1019 140 1080 Pur.
163 1017 233 1081 Imo
255 1020 366 1099 potius,
379 1020 469 1080 intus
490 1038 622 1101 sequere
642 1020 703 1079 hac
723 1041 796 1096 me,
816 1022 865 1080 mi
884 1022 1008 1082 anime!

262 1157 264 1161 .
488 1119 490 1123 ·
734 1106 794 1163 Aa.
816 1104 886 1182 Ego
908 1124 981 1164 vero
1001 1123 1124 1185 sequor.

66 1184 149 1244 Arse.
170 1182 188 1241 I
208 1184 357 1247 domum!
398 1185 473 1247 Pur.
495 1184 547 1262 Da
568 1186 692 1246 savium
713 1187 824 1256 etiam,
845 1188 1030 1263 priusquam
1050 1189 1124 1251 abis.

699 1267 1022 1331 Ds.Iincnroem!
1065 1290 1125 1349 915

436 1483 753 1547 GREX.

68 1644 127 1707 Hic
148 1668 248 1710 senex
269 1648 296 1709 si
318 1648 403 1728 quid,
424 1648 509 1708 clam
529 1667 681 1716 uxorem,
704 1667 759 1708 suo
781 1650 889 1710 animo
910 1650 989 1711 fecit
1010 1649 1122 1731 volup:

68 1729 178 1810 Neque
198 1750 320 1792 novom
339 1750 445 1809 neque
465 1733 585 1791 mirum
604 1731 700 1799 fecit,
731 1751 791 1791 nec
813 1752 919 1806 secus,
949 1751 1045 1813 quam
1067 1734 1124 1793 alii

24 1881 27 1885 Δ
581 1814 706 1883 solent3

68 1895 134 1955 Nec
154 1897 324 1975 quisquam
345 1908 392 1956 est
419 1910 488 1956 tam
515 1896 646 1975 ingenio
674 1893 774 1965 duro,
801 1915 906 1977 neque
933 1909 1002 1955 tam
1026 1896 1123 1958 firmo

581 1990 719 2055 pectore,
755 2043 758 2050 ¹

70 2056 170 2135 Quin,
193 2060 254 2120 ubi
275 2059 451 2136 quidquam
472 2061 643 2120 occasionis
664 2060 722 2131 sit,
743 2059 803 2119 sibi
822 2059 920 2119 faciat
940 2059 1033 2123 bene.

68 2138 161 2203 Nunc
183 2146 208 2203 si
231 2142 328 2200 voltis
349 2142 511 2221 deprecari
530 2141 606 2201 huic
627 2143 714 2214 seni,
735 2162 777 2201 ne
797 2140 941 2221 vapuletx
1064 2163 1124 2222 920

67 2218 187 2285 Remur
206 2225 363 2303 inpetrari
382 2244 489 2304 posse,
512 2223 660 2312 plausum
681 2228 706 2285 si
728 2226 854 2284 clarum
875 2222 965 2282 datis.

131 2448 188 2500 910.
206 2436 258 2485 V.:
275 2445 305 2483 ut
322 2446 348 2484 te
365 2434 478 2499 dignum
496 2446 545 2487 esc.
578 2430 635 2484 Sed
658 2445 685 2483 re
701 2438 816 2500 praeter
832 2428 921 2482 fidem
942 2438 1073 2496 veterum
1087 2432 1125 2485 li-

67 2494 182 2551 brorum
201 2501 345 2551 insertum
363 2508 414 2550 est.
440 2496 554 2554 Guelf.s
572 2517 609 2549 es.
655 2514 719 2565 9²1·
743 2497 789 2548 Sic
805 2498 921 2564 Argent.
938 2515 963 2549 ru
984 2511 1072 2565 1514,
1090 2508 1125 2551 ut

68 2565 156 2617 voluit
172 2567 283 2618 Douzs.
301 2567 349 2622 V.:
376 2566 498 2617 adducit.
548 2580 605 2633 9¹5·
635 2566 654 2614 I
672 2564 812 2632 posterius
833 2581 892 2615 non
908 2562 1035 2616 eliditur.
1069 2566 1125 2617 Sed

67 2627 220 2698 legendum
238 2632 358 2683 fortasse
374 2641 417 2683 est
433 2633 548 2698 rabbitis,
566 2633 613 2682 cui
624 2630 830 2700 explicationis
847 2647 930 2682 causa
946 2630 1124 2699 adscriptum

66 2696 158 2749 fucrit
174 2699 237 2749 obis
253 2698 415 2766 vulgatum.
466 2714 523 2763 92¹·
547 2699 591 2749 V.:
617 2700 643 2748 si
678 2698 784 2748 lausum
801 2699 842 2748 sic
861 2696 897 2752 cz.
914 2698 959 2761 εἰ,
987 2710 1124 2766 usurpato

67 2778 148 2816 versu
165 2775 346 2833 asynarteto,
369 2766 422 2834 qui
438 2763 547 2817 alienus
564 2774 607 2816 est
623 2782 639 2815 a
656 2716 737 2829 soce,
753 2763 784 2813 in
802 2779 874 2833 quo,
891 2771 924 2815 ut
946 2771 993 2816 ote
1008 2763 1124 2816 fabulae

66 2838 202 2892 extremo,
221 2830 340 2881 affectus
355 2840 384 2882 et
401 2831 503 2883 turbae
520 2848 617 2883 omnes
633 2829 730 2883 silent.
754 2831 814 2880 Ver.
832 2828 894 2881 eod.
953 2844 1023 2881 mer.
1040 2848 1065 2882 a.
1082 2848 1121 2882 ru.

66 2910 104 2946 2.:
123 2900 147 2947 si
165 2899 205 2960 pl.
224 2898 251 2947 si
270 2897 303 2949 cl.
322 2898 349 2947 d.
372 2898 457 2958 Prius
474 2900 500 2948 ri
516 2905 611 2951 ortum
625 2895 741 2950 videtur
754 2911 787 2948 ex
799 2894 986 2949 antecedente
1002 2894 1122 2964 syllaba.

64 2961 96 3014 In
112 2961 210 3018 Guelf.
227 2980 308 3034 posse
324 2980 382 3015 nou
399 2964 530 3018 hebetur.
