2725 4659
226 298 277 370 44
599 273 655 345 M.
698 273 742 342 A.
782 271 966 345 PLAUTI

228 454 374 534 Repente
394 452 498 518 bostis
518 458 643 536 peperit
664 454 813 525 semitrio,
834 465 866 513 et
887 466 1029 536 pugnata
1048 454 1117 515 illic
1137 471 1247 535 pugna

228 538 341 601 Frater
366 538 520 599 trudebat
544 541 680 599 fratrem
706 538 799 597 hasta
824 549 858 596 et
886 536 997 619 galea3
1029 553 1063 598 et
1083 547 1209 598 nostrae
1229 554 1282 597 au-

341 647 346 656 ·
741 631 862 681 ctorem
883 622 988 699 gentis

227 703 312 764 Cum
337 703 470 765 Veneris
490 701 560 765 filia
580 706 694 788 anguis
714 706 848 781 repsisse
868 703 966 763 tellus
988 701 1150 798 Epirotica
1172 700 1262 761 vidit

225 787 276 849 De
304 804 434 846 summo
470 805 613 850 summus
647 786 773 926 Jupitplr
802 787 845 846 sic
876 787 1007 856 statuit,
1041 786 1099 846 sic
1111 805 1151 845 se
1180 784 1285 842 iatum

405 907 409 914 ·
768 862 901 927 abet.
1141 869 1163 926 i.
1180 879 1203 924 ι.

130 947 137 962 ’
227 950 363 1032 Optumi
389 969 502 1014 omnes
528 963 686 1015 nostrates
713 969 772 1029 pro
799 950 892 1009 claris
917 948 1009 1008 lactis
1037 947 1116 1009 diris
1143 943 1284 1031 aguntur

741 1033 846 1091 malis.
1244 1049 1283 1089 so

226 1117 306 1178 Fata
332 1118 432 1180 istaec
453 1136 507 1178 me
528 1127 688 1198 premunt.
725 1111 960 1249 Pprtolerarern
988 1112 1057 1171 vim
1077 1125 1202 1174 tantam
1224 1112 1285 1171 cla-

764 1211 852 1269 reque

227 1277 437 1346 Exantlarem
463 1276 669 1358 inpetibiles?
712 1272 765 1333 So.
793 1271 968 1351 Blepharo!
1012 1274 1072 1334 Βι..
1106 1265 1194 1352 Quid
1216 1276 1285 1337 εει)

720 1354 770 1414 So.
792 1356 908 1416 Nescio
930 1354 1009 1435 quid
1031 1356 1109 1416 mali
1134 1361 1286 1436 suspicor.

228 1449 286 1509 Βι..
310 1444 419 1522 Quid?
467 1440 521 1500 So.
548 1437 648 1509 Vide,
670 1437 725 1497 sis.
765 1435 863 1496 herus
890 1437 1044 1498 salutator
1072 1440 1289 1520 oppessulatas

744 1532 819 1578 ante
839 1520 916 1580 foris
936 1520 1093 1600 graditur.

225 1609 284 1669 Br..
305 1605 398 1666 Nihil
419 1616 486 1663 est:
516 1602 626 1672 famen
646 1614 796 1697 expectat
816 1600 1038 1666 obambulans
1080 1602 1130 1664 So.
1152 1602 1289 1667 Curiose

565 1737 568 1748 .
601 1707 605 1712 ·
650 1707 676 1759 ᾗ
741 1684 890 1764 quidem:
911 1685 989 1746 ioris
1011 1687 1100 1747 enim
1181 1711 1183 1718 .

140 1815 144 1830 .
227 1770 361 1842 Clausit,
378 1787 419 1829 ne
437 1777 695 1847 praevorteretur
715 1767 809 1827 foras.
858 1769 915 1829 Βι.
934 1766 1111 1848 Oggannis.
1150 1766 1202 1828 So.
1217 1768 1289 1829 Nec

566 1875 570 1882 ·
742 1850 872 1930 gannio,
893 1868 960 1914 nec
976 1850 1071 1914 latro
1247 1866 1288 1928 25

227 1934 261 1996 si
280 1954 334 1997 me
354 1899 482 1996 audias:
511 1934 667 1996 observes.
689 1931 805 1992 Nescio
819 1932 904 2013 quid
926 1952 1034 1992 secum
1058 1933 1151 1995 solus.
1173 1934 1269 2004 Puto,

225 2020 396 2104 Rationes
405 2009 550 2098 colligit
590 2014 680 2093 Quid
714 2029 889 2092 memoret,
918 2015 998 2075 hinc
1024 2017 1193 2095 excipiam.
1238 2014 1287 2090 Ne

664 2141 668 2150 ,
764 2116 883 2158 roera.

227 2187 293 2249 Ast.
315 2175 361 2244 Ut
382 2194 511 2255 metuo,
540 2199 583 2242 ne
611 2161 706 2240 vietis
690 2117 883 2321 {oleribus
898 2179 932 2238 di
953 2194 1079 2260 partam
1100 2192 1287 2262 expungant

746 2281 892 2341 gorram.

227 2313 346 2418 Tdtam
368 2325 745 2424 ntodismi'risturbatam
761 2345 999 2405 nostramvideo
1013 2346 1225 2417 familiam
1215 2367 1237 2408 1.
1245 2359 1289 2410 ι.

227 2433 316 2495 Tum
360 2450 434 2492 vero
469 2451 551 2492 uxor
592 2429 688 2501 vitio,
730 2439 854 2522 stupro,
898 2427 1053 2487 dedecore
1101 2447 1153 2488 me
1192 2428 1287 2508 plena

239 2579 243 2584 .
743 2510 883 2570 enicat.
1157 2523 1180 2572 t
1224 2529 1287 2586 5⁰

310 2595 374 2657 Sed
393 2595 433 2658 de
455 2603 564 2673 patera
584 2593 707 2652 mirum
728 2604 790 2649 est:
813 2603 881 2649 tam
903 2603 973 2650 erat
994 2593 1123 2674 signum
1144 2593 1288 2674 obsigna-

205 2691 209 2698 ·
565 2718 570 2730 ,
743 2685 825 2736 tum
837 2672 946 2750 probe.
1109 2688 1167 2746 tc.
1180 2693 1210 2735 o.

230 2758 317 2837 Quid
345 2756 457 2819 enim?
500 2741 629 2837 Pugnae
657 2765 815 2833 pugnatas
850 2754 1034 2831 prolocuta,
1063 2770 1098 2818 et
1123 2743 1288 2819 Pterelam

745 2849 969 2917 oppugnatum
1289 2859 1291 2862 ·

227 2883 360 2987 Nostris
371 2919 514 2980 occisum
534 2907 683 2978 manibus
696 2918 834 2980 fortiter.
857 2920 964 2978 Attat!
982 2920 1061 2978 noti
1078 2903 1143 2996 jain
1156 2908 1286 2981 luduin:

228 3006 268 3064 Id
288 3001 395 3080 Sosiae
415 3002 541 3062 tactum
561 3019 657 3079 opera
678 3014 735 3072 est,
759 3003 814 3077 qui
834 3020 888 3072 rue
909 3000 1006 3062 hodie
1027 3021 1152 3083 quoque
1193 3005 1218 3068 i.
1228 3026 1251 3066 s·

227 3090 437 3158 Praesentem
457 3087 541 3148 ausit
560 3082 694 3164 indigne
716 3085 921 3160 praesortier.
1145 3087 1209 3154 i,s.
1250 3100 1289 3165 35

229 3166 280 3240 So.
309 3163 359 3227 De
380 3187 433 3226 me
454 3164 593 3236 locutus,
615 3179 647 3225 et
667 3186 749 3242 quae
768 3166 868 3223 velim
888 3167 1006 3227 minus

228 3233 407 3344 Hominem
433 3266 475 3310 ne
504 3239 772 3329 congrediamur,
801 3266 934 3330 quaese,
962 3249 1151 3328 priusquam
1172 3262 1286 3313 stoma

747 3329 846 3392 chum
869 3327 1044 3392 decoxerit.

228 3417 288 3480 Bu.
317 3415 364 3477 Ut
384 3411 489 3477 lubet.
530 3412 597 3494 Aut.
619 3409 753 3494 Mastigi
755 3432 808 3472 am
828 3412 969 3472 illum
945 3433 972 3474 st
992 3413 1087 3476 datur
1118 3415 1215 3476 hodie
1236 3415 1286 3476 ad
1341 3417 1342 3428 ¹

743 3493 922 3575 prendere.
1099 3510 1162 3561 tt.
1180 3517 1209 3562 c.

229 3575 423 3656 Ostendam,
455 3576 534 3660 quid
554 3576 624 3640 sit

227 3665 352 3725 Herum
372 3600 499 3734 fallere,
520 3661 617 3722 minis
639 3670 673 3719 et
693 3658 803 3719 dolis
793 3678 960 3723 incessere.
1251 3680 1288 3741 40

199 3863 201 3867 ⁴
239 3869 517 3922 1'6.V.:illac.
568 3865 831 3936 retinueritis
858 3868 953 3919 modis.
987 3869 1113 3924 Fortasse
1136 3869 1289 3938 legendnm

229 3944 273 3986 est
291 3938 456 4001 mirimodis,
484 3945 519 3988 ut
545 3935 722 3987 multimodis.
753 3935 818 3985 Erit
840 3943 904 3985 tum
927 3927 974 3985 hic
996 3952 1094 3987 versus
1110 3940 1205 3989 trech
1223 3946 1288 3987 tetr

229 4011 285 4058 cat
314 4004 500 4068 31.V.:·-
519 4005 636 4067 mirust:
664 4003 920 4065 erattamensign.
935 4019 959 4050 o.
973 4021 1012 4066 pr.
1062 4017 1105 4068 35
1121 4004 1217 4058 Pracs.
1235 4018 1290 4055 non

231 4071 275 4119 e'si
291 4053 466 4120 elidendum.
517 4084 558 4137 57.
584 4072 630 4123 V.
650 4068 791 4122 detexerit.
810 4064 981 4134 Etuendavit
999 4068 1157 4124 Deuzafil.
