2725 4659
228 301 296 373 ιφ
563 271 617 341 m
667 277 714 348 A.
762 269 945 344 emm

226 460 335 537 Quem
351 464 484 535 propter
503 449 599 512 hodie
616 452 687 511 auri
708 462 838 514 tantum
854 450 999 533 perdidit
1020 449 1159 522 infelix,
1180 448 1294 514 miser!
1345 491 1346 494 =

225 542 262 602 t.
282 541 372 600 Bono
393 538 502 596 animo
524 554 576 604 ee,
605 546 639 593 et
654 532 827 594 benedice!
867 533 982 609 Nunc,
1012 552 1095 612 quae
1111 554 1166 596 nes
1184 535 1250 595 tibi
1264 547 1294 596 et

258 691 263 700 .
743 630 864 698 gnatae
879 628 955 678 tuae
1145 616 1172 677 i.
1185 630 1212 679 t.

227 705 317 765 Bone
326 700 527 778 feliciterque
536 708 657 758 vortat.
667 741 675 759 .
685 740 713 758 ..
733 697 784 758 lta
799 697 831 759 di
846 699 961 771 faxint,
971 699 1107 779 inquito.
1121 710 1145 759 t.
1157 710 1183 762 t.
1192 717 1221 762 c.
1237 716 1292 777 745

228 790 290 848 Eu.
306 785 355 843 Ita
368 781 548 841 difaciant!
570 780 607 841 L.
622 779 664 838 Et
676 777 813 842 mihiita
824 780 1002 841 dificiant!
1023 781 1290 844 Audinunciam

230 868 297 945 Qui
315 866 412 925 homo
432 863 560 941 culpam
576 862 706 921 admisit
720 863 758 921 in
773 881 823 935 te,
853 862 979 923 nullust
996 875 1066 922 tam
1088 864 1180 941 parvi
1202 865 1290 942 preti,
1346 875 1347 926 Ξ

228 951 336 1029 Quom
351 946 468 1026 pudet,
489 961 587 1024 quom
600 955 718 1024 purgat
732 963 815 1006 sese:
835 963 924 1005 nune
947 957 980 1004 te
994 945 1148 1015 obtestor,
1168 944 1289 1017 Euclio,
1346 973 1347 1018 f

230 1034 264 1092 Si
278 1029 357 1110 quid
369 1049 429 1108 ego
447 1045 522 1107 erga
544 1024 599 1086 ted
617 1025 796 1103 inptudene
816 1028 946 1105 peccavi
968 1038 1023 1086 aut
1038 1040 1174 1105 gnatam
1192 1040 1288 1098 tuam,

229 1113 626 1191 Utmiignosoateamque
633 1109 931 1178 uxoremmihides,
941 1122 979 1168 ut
985 1108 1072 1189 leges
1080 1107 1217 1185 jubent!
1232 1126 1289 1187 750

229 1197 299 1277 Ego
314 1215 367 1253 me
387 1193 543 1268 injuriam
562 1190 675 1250 fecisse
690 1188 776 1251 filiae
793 1191 896 1258 fateor
910 1205 996 1263 tuae,

228 1280 353 1339 Cereris
370 1274 488 1355 vigiliis
498 1293 587 1352 ,per
602 1275 718 1333 vinum
731 1285 828 1351 atque
845 1273 978 1353 inpulsu
995 1272 1244 1335 adulescentiae.
1347 1281 1348 1288 ’

230 1362 290 1422 Eu.
305 1358 369 1417 Hei
380 1356 474 1424 mihi,
490 1353 705 1432 quodfacinus
721 1369 806 1414 exte
820 1354 1005 1436 egoaudiol
1045 1357 1083 1416 L.
1100 1353 1288 1432 Curejulae,

232 1444 338 1520 Quem
356 1458 415 1519 ego
431 1454 525 1496 avom
539 1436 602 1495 feci
616 1435 682 1511 jam
697 1448 734 1496 ut
748 1456 829 1499 essee
845 1435 927 1495 filiai
941 1438 979 1496 in
992 1436 1138 1513 nuptiis}

230 1526 317 1587 Nam
339 1535 396 1580 tua
420 1531 516 1601 gnata
538 1521 664 1599 peperit
688 1518 842 1677 decumo)
854 1537 967 1579 mense
993 1533 1065 1599 poet
1093 1514 1288 1596 (numerum

745 1620 781 1662 ca
852 1625 860 1660 ε
897 1621 899 1628 ’

231 1689 280 1750 Ea
291 1706 328 1747 re
339 1683 509 1765 repudium
526 1682 650 1743 remisit
663 1624 836 1744 avonouffie
851 1701 945 1743 causa
961 1702 1043 1748 mea.
1230 1620 1288 1680 755

233 1772 366 1831 linteo:
397 1783 572 1847 exquaere,
602 1765 685 1824 sitne
700 1766 764 1837 ita,
793 1777 830 1826 ut
849 1784 909 1845 ego
922 1766 1081 1845 praedico.
1116 1766 1185 1829 ⁴Eu.
1206 1766 1290 1840 Perii

744 1868 764 1908 o
808 1849 878 1908 ido:
1144 1851 1167 1910 i.
1183 1861 1209 1908 t.

232 1937 283 1997 Ita
295 1932 378 1995 mihi
392 1932 432 1992 ad
441 1930 566 1991 malum
574 1929 682 1988 malae
695 1947 745 1990 res
754 1867 915 2010 dirimo
930 1929 1289 2012 senaglutinantaee

232 2020 289 2082 Ibo
303 2019 405 2077 intro:
427 2025 475 2082 ut,
491 2011 568 2090 quid
582 2009 677 2086 hujus
693 2012 752 2072 reii
764 2014 816 2082 sit,
830 2015 936 2073 sciam.
978 2010 1017 2073 L.
1030 2012 1049 2071 J
1051 2032 1105 2071 am
1116 2026 1150 2073 te
1167 2032 1289 2093 sequar.

314 2098 401 2158 Haec
415 2091 649 2176 propemodum
666 2093 732 2170 jam
750 2113 817 2155 esne
837 2095 875 2153 in
895 2094 979 2172 vado
996 2094 1109 2156 talutis
1130 2114 1183 2155 res
1203 2094 1289 2154 vide-

743 2188 809 2236 tur.
1038 2176 1061 2238 i.
1079 2188 1103 2234 t.
1117 2196 1145 2236 c.
1231 2178 1291 2251 760

231 2268 329 2329 Nunc
344 2278 467 2322 servom
477 2277 543 2319 esse
557 2256 615 2316 ubi
628 2256 735 2317 dicam
742 2277 856 2319 meum
866 2253 1054 2338 Strobilum,
1067 2277 1134 2318 non
1146 2260 1291 2338 tepe1i03

231 2350 304 2410 Nisi
317 2347 415 2405 etiam
431 2341 486 2401 hic
500 2339 646 2419 opperiar
661 2353 770 2400 tamen
786 2339 947 2420 paulisper
960 2359 969 2409 ς
990 2354 1098 2420 postea
1115 2344 1201 2400 intro

231 2429 330 2488 Hunc
348 2426 536 2501 subsequar:
557 2440 646 2481 nuuc
661 2423 797 2482 interim
811 2423 955 2500 spacium
968 2427 998 2483 ei
1010 2422 1091 2483 dabo
1100 2423 1293 2504 exquinendi
1349 2431 1350 2458 ¹

232 2510 352 2572 Meum
376 2506 501 2564 factum
519 2521 561 2562 ex
583 2516 697 2583 gnatae
719 2502 891 2585 pedisequa
908 2508 1033 2566 nutrice
1054 2523 1136 2566 auu:
1168 2524 1208 2567 ea
1222 2525 1293 2568 rem
1349 2583 1350 2588 ἵ

743 2590 843 2647 novit.
978 2617 980 2626 ‹

434 2931 732 2997 STROBILUS.
779 2932 1090 3001 LYCONIDES.

120 3161 124 3166 .
234 3104 310 3166 Seu.
332 3100 383 3163 Di
408 3098 616 3173 inmortales,
648 3098 763 3179 quibus
785 3111 818 3159 et
843 3101 969 3179 quantis
989 3120 1043 3161 me
1063 3100 1193 3166 donatis
1213 3121 1295 3188 gau·

746 3180 823 3242 diii!
916 3181 1092 3258 t.t.c.IV,
1114 3204 1143 3262 7.
1231 3190 1294 3267 7⁶6

233 3266 472 3350 Quadrilibrem
490 3263 600 3326 uillam
614 3282 692 3323 auro
705 3277 852 3324 onustam
866 3284 925 3345 ego
938 3264 1056 3325 habeo:
1086 3267 1158 3346 quie
1171 3288 1228 3329 me
1245 3283 1295 3331 est

744 3346 902 3414 divitior?
1139 3364 1165 3412 t.
1182 3364 1208 3413 t.

234 3436 313 3518 Quis
327 3453 380 3495 me
394 3431 526 3493 Athenis
553 3447 643 3488 nune
664 3445 759 3508 mage
777 3429 944 3510 quisquam
966 3441 1015 3490 est
1035 3429 1134 3491 homo
1158 3437 1237 3516 quoi
1257 3433 1294 3498 di

729 3513 790 3570 sint
806 3513 958 3590 propitii?
1094 3527 1118 3587 t.
1135 3527 1159 3574 t.
1177 3535 1207 3575 c.

232 3604 267 3664 L.
298 3600 397 3662 Certo
421 3597 510 3657 enim
532 3613 592 3674 ego
608 3611 721 3653 vocem
733 3593 788 3652 hic
803 3591 964 3673 loquentis
984 3593 1080 3656 modo
1098 3616 1155 3657 me
1176 3600 1294 3666 audire

745 3695 825 3736 visus
844 3696 925 3738 sum.

270 3853 328 3909 745.
343 3838 486 3889 hodienon
499 3833 634 3902 liquescit.
668 3839 726 3899 748.
734 3832 833 3901 Inepte
845 3832 929 3886 libri:
948 3836 1021 3903 Quin
1028 3836 1141 3907 pudeat,
1148 3840 1293 3910 quiapur-

229 3921 325 3975 getsc,
359 3898 532 3954 Helmstad.:
551 3915 618 3950 sese.
658 3912 717 3965 754.
734 3901 782 3950 tt:
793 3900 878 3966 filiae
891 3916 967 3970 nupt.
1010 3917 1066 3972 757.
1084 3904 1130 3955 Ita
1145 3906 1291 3962 Priscian.

227 3992 256 4044 p.
273 3969 330 4037 561.
344 3968 460 4021 Putsoh.
479 3982 494 4016 o
510 3963 582 4017 Pall.
598 3962 660 4015 MS.
673 3965 781 4016 Meurt.
794 3973 821 4018 et
832 3966 991 4020 Helmotad.
1009 3972 1056 4020 Va
1075 3973 1195 4041 exquire.
1231 3987 1292 4041 759,

227 4041 268 4092 rei
285 4036 383 4089 Guelf.
401 4033 460 4089 Pal.
477 4044 501 4096 5.
520 4031 581 4083 MS.
594 4032 702 4083 Meurs.
721 4033 770 4087 Ἠ
783 4035 848 4084 veri.
882 4033 1074 4086 scribendum
1090 4046 1172 4090 certe
1185 4056 1290 4092 verum.

118 4113 121 4128 ¹
225 4103 284 4178 766.
304 4120 354 4171 ego
369 4098 545 4171 praebebunt
560 4099 670 4168 Laugg.
687 4099 748 4151 Vox
762 4113 888 4155 onustam
904 4117 963 4154 non
979 4110 1022 4154 est
1038 4100 1181 4158 elidendo
