2725 4659
469 261 776 336 summano.
1111 286 1156 355 19

93 447 144 507 An
165 455 291 527 egomet
310 463 365 505 me
387 444 456 507 illic
477 443 606 523 reliqui,
629 441 655 504 si
673 442 757 505 forte
779 444 895 507 oblitus
915 442 990 505 ini?

30 540 32 544 ·
93 528 178 590 Nam
203 528 257 588 hic
288 527 422 605 quidem
448 546 582 589 omnem
604 529 785 605 imaginem
806 546 915 589 meam
928 569 943 600 ,-
959 546 1043 607 quae
1065 539 1157 588 ante·

609 607 799 682 haesitent,
819 611 969 689 possidet.
1094 624 1158 687 305

95 691 168 753 Vivo
189 688 241 764 sit,
264 688 350 770 quod
370 697 540 769 nunquam
561 675 730 769 quisqbam
742 708 872 753 monuo
893 692 992 753 iaciet
1011 690 1104 753 mihi.

93 774 148 836 Ibo
181 774 384 854 aripertum
412 787 527 851 atque,
555 771 635 833 haec
660 773 700 832 ut'
719 787 794 835 sunt
812 776 918 849 facta,
948 774 1028 835 hero
1049 775 1158 836 dicem

612 874 705 922 meo;

94 941 164 1003 Nisi
181 939 282 1005 etiam
297 937 323 998 is
333 949 461 1016 quoque
472 958 526 1002 me
541 937 717 1019 ignorabit,
728 939 812 1015 quod
823 938 883 1001 ille
897 937 994 998 faciet
1010 939 1156 1019 Jupiter:

94 1023 139 1083 Ut
161 1041 223 1100 ego
244 1020 339 1080 hodie
366 1038 436 1080 ruso
458 1023 563 1097 capite
584 1019 691 1080 calvos
712 1021 840 1098 copiam
861 1020 994 1100 pileum.

96 1105 171 1165 Mu:
185 1102 273 1164 Bene
290 1112 499 1182 prospereque
512 1101 574 1160 hoc
591 1101 687 1161 hodie
701 1106 851 1182 processit
869 1100 970 1164 mihi!
1014 1102 1037 1166 i.
1055 1122 1077 1163 s.
1098 1120 1159 1180 310

96 1186 213 1246 Amori
233 1202 252 1242 a
271 1183 393 1244 foribus
413 1201 606 1249 maxumam
627 1183 832 1244 molestiam:

95 1268 182 1328 Patri
204 1281 239 1326 ut
260 1266 372 1326 liceret
393 1277 463 1325 tuto
485 1266 576 1325 illam
597 1265 823 1345 amplexarier.

95 1351 168 1411 Jam
187 1350 246 1410 ille
266 1349 346 1409 illuc
367 1346 406 1408 ad
427 1348 545 1407 herum
567 1365 668 1425 quom
683 1349 958 1430 Amphitruonem
975 1348 1158 1411 advenerit:

94 1432 246 1498 Narrabit
268 1450 395 1492 servom
416 1430 581 1490 hincusese
602 1450 621 1489 a
640 1430 765 1492 foribus
791 1432 913 1492 Sosiam

6 1561 10 1567 -
94 1510 356 1584 Amovissetille
379 1512 456 1572 adeo
477 1511 575 1571 illum
595 1515 731 1572 mentiri
752 1513 810 1584 sibi
1097 1529 1159 1598 515

97 1599 225 1672 Credet,
247 1613 359 1673 neque
381 1595 489 1654 credet
510 1593 577 1652 hnc
597 1594 790 1674 profectum,
811 1610 850 1657 ut
864 1596 1016 1673 jusseratt

96 1680 220 1743 Erroris
241 1679 336 1739 ambo
357 1697 417 1759 ego
438 1676 513 1735 illos
534 1689 567 1736 et
588 1675 772 1737 dementiae

98 1761 274 1843 Complebo
296 1774 392 1839 atque
413 1777 546 1819 omnem
566 1759 812 1838 Amphitruonis
832 1757 1004 1835 familiam,

81 1844 186 1905 Adeo
207 1862 307 1923 usque
329 1844 510 1901 satietatem
531 1839 611 1900 dum
632 1845 736 1919 capiet
757 1859 848 1921 pater

95 1927 200 2000 lllius,
222 1945 319 2007 quam
340 1937 443 1994 amat3
463 1923 566 2005 igitur
585 1923 720 1983 demum
741 1945 853 1987 omnes
874 1925 988 1998 scient,
1085 1941 1161 2002 '520

99 2010 188 2089 Quae
208 2010 302 2070 facta.
344 2007 494 2085 Denique
516 2006 729 2066 Alcumenam
750 2008 875 2089 Jupiter

95 2092 234 2174 Rediget
255 2091 420 2169 antiquum
440 2086 586 2170 conjugis
607 2090 642 2147 in
663 2091 890 2155 concordiamt

95 2176 184 2239 Nam
203 2173 400 2253 Amphitruo
421 2183 567 2231 actutum
587 2173 681 2230 uxori
703 2172 811 2234 turbas
832 2175 970 2245 conciet,

98 2260 203 2336 Atque
223 2254 425 2316 insimulabit
446 2269 518 2312 earn
537 2251 667 2333 probri3
689 2265 762 2314 tum
782 2275 874 2316 meus
894 2268 985 2334 pater
1070 2283 1073 2294 2

97 2340 182 2399 Eam
203 2338 395 2399 seditionem
414 2335 465 2394 illi
484 2335 521 2392 in
541 2335 754 2414 tranquillum
774 2339 926 2399 conferet.
989 2356 991 2360 ·
1102 2355 1162 2416 525

96 2425 209 2493 Nunc,
230 2420 270 2479 de
290 2415 469 2479 Alcumena
490 2414 614 2477 dudum
635 2418 720 2496 quod
742 2417 809 2480 dixi
830 2421 949 2490 minus,

97 2500 208 2563 Hodie
228 2502 286 2561 illa
307 2501 409 2579 pariet
429 2499 511 2559 filios
532 2499 679 2578 geminos
700 2500 796 2572 dnos3

96 2585 189 2646 Alter
209 2597 280 2663 post
299 2599 412 2643 mense
431 2580 569 2641 decumo
587 2595 737 2644 nascetur
757 2605 847 2664 puer,

99 2669 207 2747 Quem
228 2668 421 2735 seminatus;
444 2664 524 2724 alter
543 2683 656 2725 mense
678 2671 836 2743 septumo.

98 2751 224 2812 Eorum
244 2744 489 2829 Amphitruonis
510 2746 594 2807 alter
614 2761 679 2821 est,
702 2750 783 2810 ulter
803 2750 907 2822 tovis3
1103 2766 1163 2830 350

96 2832 220 2893 Verum
248 2830 370 2892 minori
402 2849 502 2909 puero
529 2830 634 2904 major
661 2842 709 2889 est
730 2846 833 2910 pater,

95 2911 210 2974 Minor
230 2915 354 2991 majori.
395 2912 510 2973 Jamne
531 2909 593 2971 hoc
615 2914 712 2982 scitis,
734 2912 811 2992 quid
832 2915 914 2976 siet?
937 2939 939 2941 ·

96 2996 163 3057 Sed
182 2997 380 3057 Alcumenae
399 2992 649 3070 hujushonoris
671 2999 776 3076 gratia

94 3080 194 3140 Pater
221 3081 361 3150 curavit,
389 3096 454 3137 uno
484 3091 521 3137 ut
543 3075 635 3136 foetu
664 3078 769 3151 fieret,

94 3161 174 3222 Uno
195 3178 231 3222 ut
251 3160 358 3221 labore
380 3159 565 3234 absolveret¹
578 3168 749 3220 aerumnas
770 3159 866 3223 duass
1100 3178 1162 3241 335

98 3244 363 3322 Clendestinaut
389 3242 511 3303 celetur
540 3244 716 3306 consiietio.

81 3441 87 3448 ¹
167 3432 226 3488 307·
250 3429 281 3470 ut
296 3414 358 3471 iere
374 3421 454 3483 vett,
474 3430 532 3470 non
548 3415 599 3483 uti,
617 3411 692 3469 sicut
708 3412 803 3490 yulgo.
838 3419 898 3471 Vox
912 3435 1017 3491 portum
1041 3433 1100 3482 non
1126 3413 1163 3470 li·

97 3488 224 3559 quescit.
272 3498 331 3551 309·
357 3502 405 3551 ego
423 3499 483 3535 non
499 3482 674 3536 elidendum.
725 3498 783 3551 310.
808 3484 900 3552 Libri,
919 3487 1162 3551 inordinennre·

97 3563 188 3623 cepto
209 3550 401 3621 glossemate:
430 3551 482 3601 boc
506 3551 569 3601 bod.
599 3553 692 3619 operis
712 3566 739 3619 p.
758 3553 795 3603 m,
851 3568 908 3620 gip
933 3557 1027 3608 Forte
1061 3554 1163 3618 sapiat.

95 3636 161 3688 325.
182 3619 227 3670 Ita
243 3616 342 3670 Guelf.
360 3627 389 3669 et
406 3615 526 3670 Taubm.
544 3626 631 3686 atque
648 3619 724 3684 Pan,
741 3617 818 3670 nihil
834 3630 992 3671 monentes.
1019 3621 1065 3669 V.:
1084 3620 1165 3669 abest

82 3690 150 3740 ⁴illi
204 3699 262 3753 529.
284 3683 409 3741 ¹Geruli:
440 3684 527 3734 semin
553 3697 602 3736 est.
653 3698 712 3751 535.
746 3686 905 3737 Exsolveres
928 3686 1030 3736 aetatis
1053 3685 1165 3737 uredine

97 3749 167 3806 edd.
193 3751 240 3805 Va
265 3750 405 3816 absoluat,
429 3767 494 3802 curn
518 3751 705 3818 praecesserit
719 3752 814 3819 fieres.
866 3751 924 3822 336.
955 3753 1004 3802 Va
1027 3780 1060 3792 -
1083 3754 1164 3817 duas,

81 3823 138 3878 ,Et
157 3820 235 3870 nain
253 3819 408 3884 suspicione
446 3829 544 3867 onerer
562 3820 664 3885 stupri,
690 3819 725 3867 Et
749 3817 882 3881 (Helmst
905 3819 970 3883 Sed)
990 3819 1165 3870 clandestina

93 3901 130 3941 ut
146 3885 250 3937 celetur
269 3886 388 3949 suspicio
401 3833 444 3999 SA

80 3968 186 4012 ‚sunm
209 3951 289 4020 prior
305 3949 383 4001 hunsl
421 3950 485 4002 ubie
502 3958 544 4002 ert
559 3966 577 4002 a
599 3948 764 4017 glossatore.
799 3947 991 4002 Posteriorem
1008 3955 1049 4003 sic
1066 3952 1166 4003 laudet

92 4022 209 4076 Donet.
229 4016 266 4068 ad
284 4015 401 4072 Terent.
418 4014 537 4083 Adelph.
555 4032 584 4081 4,
599 4031 624 4081 5,
642 4029 698 4081 με
716 4017 753 4065 Es
766 4016 858 4066 uland.
874 4028 905 4064 ut
918 4018 969 4067 ecl.
990 4020 1167 4084 consuetudo,

95 4087 154 4140 ubi
172 4083 312 4138 corisuetie
329 4092 408 4135 recte
425 4084 519 4151 posuit
537 4083 692 4151 Scioppius.
716 4082 781 4134 vid.
796 4082 916 4150 Fragm,
929 4084 1032 4147 incert-
1051 4099 1100 4155 pas
1124 4095 1134 4126 ⁶·

441 3890 536 3948 rgent.
553 3900 578 3935 a.
594 3896 666 3948 1514,
678 3883 781 3935 Lumb.
800 3884 959 3949 susceptio).
977 3885 1088 3938 Horum
1102 3901 1165 3937 ver·
1236 3924 1239 3930 .
