2725 4659
554 292 610 364 M.
660 293 703 363 A.
754 292 935 364 PLAUTI

414 553 649 650 crannus.
700 554 1072 621 nnursurrus.

218 729 270 792 Lt.
298 724 388 786 Sicut
407 736 499 786 tuom
518 725 563 784 vis
583 722 720 784 unicum
740 734 875 806 gnatum
896 735 973 783 tuae
1068 723 1092 782 i.
1107 743 1132 785 s.
1149 723 1211 802 I,1

219 810 388 888 Superesse
410 808 494 867 vitae
507 810 659 885 sospitem
678 819 713 867 et
734 807 953 885 superstitem:

218 892 269 952 Ita
289 905 323 952 te
337 888 483 951 ‘obtestor
504 909 561 970 per
582 900 781 950 senectutem
802 902 904 960 tuem,

217 977 342 1054 Perque
361 972 470 1044 illam,
499 989 597 1052 quam
617 984 655 1032 tu
675 973 810 1042 metuis,
839 987 977 1030 uxorem
993 981 1101 1033 tuamr

218 1056 252 1117 Si
272 1054 350 1135 quid
368 1053 444 1114 med
464 1073 539 1138 erga
559 1066 596 1113 tu
616 1053 712 1114 hodie
733 1053 851 1115 falsum
871 1052 1003 1127 dixeris,
1243 1072 1260 1132 5

216 1138 262 1199 Ut
282 1135 341 1201 ribi
360 1152 515 1218 superstes
535 1156 617 1196 uror
637 1147 776 1197 aetatem
797 1139 867 1209 siet,

215 1225 320 1301 Atque
341 1219 398 1279 illa
418 1221 491 1279 viva
510 1221 600 1278 vivos
621 1232 658 1278 ut
678 1231 802 1297 pestem
823 1229 961 1299 oppetas.

216 1303 279 1363 Da.
306 1302 369 1362 Per
389 1301 488 1363 deum
508 1299 624 1371 fidem,
645 1312 681 1360 ut
701 1313 740 1359 tu
761 1303 894 1380 quaeris,
916 1301 1021 1375 jurato
1040 1300 1125 1363 mihi

215 1385 314 1445 Video
334 1402 462 1444 necesse
484 1402 550 1443 esse
571 1383 697 1461 eloqui,
719 1382 874 1461 quidquid
895 1404 929 1444 ro
954 1400 1007 1446 est

215 1467 267 1528 Ite
286 1486 338 1526 me
359 1465 515 1534 obstinate
537 1463 717 1546 adgressus,
740 1477 865 1525 utnon
885 1405 1023 1544 audeam
1112 1513 1115 1518 ι
1156 1533 1188 1541 ,,
1226 1479 1259 1529 to

215 1549 364 1610 Profecto
385 1552 588 1625 percontanti
609 1551 687 1626 quin
708 1564 854 1626 proruam
875 1550 993 1608 omnia.
1138 1621 1140 1630 ,

216 1630 354 1693 Proinde
376 1641 543 1712 actutum..
564 1632 646 1691 istuc
668 1629 745 1708 quid
766 1631 826 1702 sit,
839 1630 922 1710 quod
943 1633 1029 1692 scire·
1043 1625 1200 1716 expetis,''

215 1711 392 1790 Eloquere:
415 1726 452 1771 ut
471 1714 538 1793 ipse
560 1712 654 1784 scibo,
676 1725 709 1772 te
729 1712 846 1778 faciam
866 1724 903 1771 ut
923 1716 1009 1774 scias.

215 1797 267 1936 ἐκ.
296 1789 364 1853 Dic·
379 1794 524 1868 obsecro,
545 1794 673 1866 hercle,
694 1796 790 1869 serio,
814 1794 898 1872 quod
918 1808 951 1856 te
972 1811 1093 1880 rogem.

244 1895 303 1935 ave
316 1876 554 1939 mihimer‘r'daoi
563 1878 753 1956 quidquam!
783 1876 845 1937 Da.
857 1877 944 1955 Quin
953 1891 988 1938 tu
998 1899 1072 1960 ergo
1086 1882 1201 1963 rogas?
1226 1892 1257 1959 15

213 1960 266 2020 Lr.
295 1953 385 2019 Num
406 1978 460 2019 me
479 1960 559 2021 illuc
580 1961 687 2031 ducis,
709 1959 764 2020 ubi
785 1958 865 2041 lapis
886 1959 1028 2040 lapidem
1046 1963 1152 2023 terit?

213 2040 275 2102 Dc.
303 2040 390 2120 Quid
412 2046 493 2102 istuc
514 2051 571 2112 est,
593 2056 648 2101 aut
668 2041 726 2101 ubi
747 2043 829 2101 istuc
850 2055 1010 2104 terrarum
1029 2044 1117 2106 loci?
1169 2053 1173 2066 ¹

212 2122 265 2185 Lr.
295 2122 396 2203 Apud'
409 2125 612 2186 fustitudinas
632 2124 856 2206 ferricrepinas
876 2124 1007 2188 insulas.
1033 2129 1035 2140 '
1107 2193 1110 2202 y

212 2205 279 2288 Ubi
299 2207 387 2267 vivos
407 2206 556 2280 homines
577 2206 699 2267 mortui
719 2207 884 2266 incursant
906 2208 1009 2270 boves.
1107 2257 1110 2260 .
1301 2269 1302 2308 ,

211 2283 275 2352 Dra.
305 2289 393 2366 Quid
411 2293 494 2360 istuc
516 2292 567 2363 sit,
589 2303 643 2350 aut
665 2288 723 2347 ubi
744 2291 794 2360 sit,
814 2307 940 2367 nequeo
960 2301 1107 2355 noscere·
1225 2309 1256 2354 so

193 2372 264 2444 ⁴Lr.
294 2371 359 2432 Ubi
379 2371 620 2451 flent'nequam
640 2366 798 2443 homines,
819 2373 875 2450 qui
893 2373 1059 2451 polentam
1079 2369 1257 2453 pransitant

211 2453 276 2515 Da.
306 2453 406 2514 Modo
427 2454 481 2535 pol
502 2456 647 2534 percepi,
669 2451 804 2525 Libane,
827 2452 1006 2532 quid‘istuc
1027 2458 1067 2517 sit
1088 2457 1170 2521 loci:
1300 2459 1301 2536 l

211 2533 279 2593 Ubi
298 2534 336 2595 fit
356 2538 505 2615 polenta,
527 2549 559 2622 te
579 2535 710 2594 fortasse
732 2535 848 2595 dicere.
891 2533 943 2597 Lr.
973 2540 1013 2598 Ar

213 2615 328 2696 Neque
350 2618 459 2692 hercle
481 2636 541 2696 ego
562 2619 644 2677 istuc
665 2617 748 2686 dico,
769 2637 874 2696 neque
897 2617 1023 2682 dictum
1045 2620 1129 2695 volo,
1205 2615 1230 2664 s

211 2696 322 2779 Teque
343 2701 470 2762 obsecro
483 2699 608 2771 hercle,
629 2712 676 2774 ut,
699 2715 780 2779 quae
799 2699 938 2771 locutus,
960 2702 1111 2783 despuas!
1225 2716 1257 2780 25
1299 2681 1301 2766 l

277 2858 348 2912 Vere
363 2866 396 2919 8.,
411 2858 523 2926 Vulgo:
539 2858 571 2908 P.
582 2859 616 2911 d.
627 2856 732 2924 fidium
748 2857 866 2924 quoeris.
880 2855 994 2910 Coeli:
1003 2859 1105 2926 fideres.
1118 2876 1182 2931 7²7⁴
1196 2857 1256 2914 Edd.

211 2919 347 2990 vplgatae
369 2934 463 2978 metro
478 2931 607 2992 asperato
630 2924 697 2976 sine·
709 2922 859 2978 mercede:
893 2922 927 3001 Q
946 2926 968 2976 i.
984 2940 1033 2992 ert,
1053 2946 1119 2980 aru.
1145 2943 1200 2995 cst,
1220 2930 1256 2978 ist

212 3001 233 3044 t.
245 2988 263 3040 l.
289 2988 386 3043 Guelf.
404 2990 524 3044 Helrnst.
548 2998 578 3041 et
594 2998 660 3042 vett.
680 2987 759 3042 cddt
777 3003 825 3039 out
841 2989 886 3040 ulti
902 3003 947 3043 rst.
966 3005 1015 3043 cst.
1050 2992 1146 3046 Scires
1165 3012 1198 3049 su
1216 3008 1257 3061 po·

210 3054 330 3108 sititiam
341 3073 401 3110 esse
414 3055 555 3124 copulam,
569 3073 655 3125 quem
665 3055 781 3107 librarii
792 3056 898 3123 passim
908 3054 1054 3113 intersere.
1065 3074 1171 3134 ¹l'·²¹
1210 3075 1231 3111 ,ε
1297 3055 1298 3080 ³

224 3169 229 3174 .
332 3155 367 3170 .-
398 3152 432 3170 -
463 3147 504 3166 -ν
530 3138 662 3174 cenarum
685 3122 764 3172 loct?
982 3167 985 3178 ,
1100 3171 1104 3188 ἃ
1297 3097 1299 3224 l

216 3217 230 3258 e,
330 3191 378 3250 Lx.
407 3190 460 3240 Ubi
467 3191 543 3256 flent
558 3207 674 3257 nequam
690 3188 822 3252 homines,
842 3190 889 3256 qui
900 3190 1038 3256 polentam
1049 3194 1213 3260 pransitant·

222 3299 231 3312 ,
332 3251 386 3310 Da
437 3257 484 3318 uid
501 3258 571 3308 irrue
589 3258 636 3320 sit,
649 3269 698 3305 aur
710 3255 757 3304 ubi
768 3256 841 3307 istuc
855 3257 902 3313 sit.
921 3274 1023 3327 nequeo
1043 3276 1166 3332 noscero,

336 3323 389 3373 Uti
426 3336 471 3373 ent
488 3341 603 3392 nequam
620 3322 743 3384 homeres
761 3330 815 3384 etc.
1095 3369 1098 3378 .

331 3388 377 3440 Lr.
402 3389 479 3457 Apud
496 3389 630 3455 sustituit.
642 3388 716 3465 ferr.
736 3388 856 3456 insulas,
1296 3355 1298 3454 l

334 3455 390 3504 Uti
405 3457 481 3505 vivos
497 3456 568 3506 hom.
586 3473 622 3513 m.
639 3471 658 3505 t.
677 3453 702 3507 b.

331 3522 387 3574 Du.
406 3521 491 3572 Modo
508 3530 564 3574 etc.
1027 3567 1031 3576 f

208 3585 364 3641 ordinavit
380 3588 538 3641 secundum
554 3586 745 3639 sarracenum
761 3596 791 3640 et
805 3603 921 3641 vertum
941 3589 995 3642 Ubi
1017 3600 1074 3652 etc.
1092 3592 1189 3662 priore
1204 3593 1257 3643 loct

209 3653 316 3705 delevit
333 3652 484 3719 Acidaliuq
504 3670 590 3725 quern
606 3652 671 3703 vide
685 3651 825 3707 Divinatt.
864 3670 908 3722 ag.
926 3669 967 3724 59.
985 3660 1075 3710 Versu
1085 3675 1124 3711 πο.
1144 3659 1257 3710 alterurn

209 3722 282 3771 istuc
300 3721 433 3789 expunxi,
452 3737 520 3773 cum
535 3719 571 3770 ed
588 3721 760 3771 ceurentium
776 3671 862 3773 nihil>
869 3724 1008 3788 conserat,
1027 3724 1158 3795 dureque
1173 3721 1257 3777 medio

207 3786 240 3837 in
257 3802 342 3837 versu
357 3784 540 3855 corripienda
556 3786 594 3837 sit
610 3785 692 3836 verbi
707 3785 816 3853 syllaba
832 3786 927 3856 prior:
945 3806 1012 3841 nunt
1028 3792 1123 3859 primo
1141 3790 1172 3843 id
1192 3787 1257 3848 fieri,

208 3860 242 3903 ut
267 3852 322 3904 lroc
346 3850 803 3921 ipsolocoet17.‚solenneest.
842 3852 894 3902 Ubi
910 3854 1027 3922 longam
1043 3857 1055 3907 i
1071 3857 1200 3909 litteram
1214 3855 1257 3906 bo·

208 3917 275 3980 bet,
298 3917 374 3969 sicut
390 3919 511 3985 passim,
536 3919 704 3987 praesertim
728 3919 804 3995 apud
832 3920 1018 3990 antiquiores.
1052 3924 1182 3975 Turbent
1197 3935 1258 3973 nou·

207 3983 281 4036 nihil
296 3984 383 4035 etiarn
398 3985 625 4051 insequentibus
641 3981 765 4049 libraris,
779 3985 827 4036 sed
840 3999 885 4035 eos
894 4002 1004 4038 errores
1012 3988 1090 4041 haud
1097 4000 1257 4042 commemo
1271 3997 1276 4006 “

207 4050 288 4113 rubo,
306 4065 373 4102 curn
386 4051 473 4117 vulgo
489 4059 568 4101 reete
585 4051 642 4114 jam
656 4052 753 4102 omnia
768 4051 942 4106 rehabeant.
978 4071 1020 4119 ²4·
1037 4059 1071 4105 Ar
1086 4056 1194 4123 Langg.
1206 4054 1255 4114 brt,

125 4125 129 4132 “
209 4116 287 4186 quod
304 4115 383 4170 idern
400 4115 549 4188 significat.
569 4116 630 4172 Me.
650 4117 750 4170 Barth.
770 4116 913 4173 otPalatt.
929 4135 970 4172 a:
989 4136 1057 4176 ator.
1075 4122 1125 4177 Va
1143 4122 1186 4176 ab.
