2725 4659
480 294 687 398 elenu.
1043 352 1115 421 ως

46 505 122 569 Une
143 528 244 589 opera,
258 506 344 569 mihi
366 518 442 566 sunt
464 506 686 646 sodales,fqua
702 507 771 567 iste.
799 506 837 567 A.
860 505 902 566 At
914 509 1027 583 etiam,
1047 510 1115 571 fur·

150 643 153 648 .
250 631 253 636 «
565 608 595 649 ct
611 609 656 661 er,
895 627 899 632 ·
979 625 981 630 ·
1095 612 1114 652 o

45 667 136 731 Male
156 670 248 753 loqui
267 673 316 733 ani
336 669 455 731 audes?
476 690 544 732 non
566 679 625 754 e'go
646 683 680 731 te
702 671 801 731 novi?
835 669 877 733 H.
898 671 958 733 Pol
978 613 1116 755 planiiin

347 747 369 832 μ’
564 755 598 813 id
620 753 753 830 quidem
774 764 832 823 est,

44 836 121 896 Non
136 831 292 907 novissse,
312 838 369 914 qui
385 837 484 896 istum
498 835 637 916 adpelles
655 834 845 915 Tyndarum
855 837 1113 916 proPhlloerate.

43 920 153 999 Quem
176 919 274 993 vides,
295 919 441 998 ignoras3
463 918 562 980 illum
581 920 741 987 nominas,
765 936 862 997 quem
882 938 951 978 non
971 922 1066 982 vides.
1091 991 1094 1002 .

41 1007 82 1063 A.
105 1001 178 1076 lmo
203 1003 264 1061 iste
289 1018 365 1062 eum
389 1020 456 1061 sese
478 1004 543 1072 ait,
569 1002 626 1080 qui
643 1020 712 1062 non
730 1012 885 1073 est,·esse;
908 1013 951 1073 et,
967 1004 1024 1081 qui
1040 1023 1113 1064 vero

100 1120 104 1127 ·
150 1105 153 1112 ’
286 1097 299 1166 J
405 1155 408 1164 Ι
565 1095 623 1160 est,
644 1094 753 1164 negat.

41 1165 84 1226 T.
122 1163 177 1225 Tu
214 1163 305 1227 enim
336 1179 504 1247 repertus,
533 1165 756 1226 Philocratem
792 1164 849 1244 qui
878 1177 1006 1244 superes
1034 1167 1114 1228 veri-

97 1291 100 1296 ,
559 1246 694 1326 verbio!
922 1250 943 1309 i.
960 1262 986 1310 t.
1049 1270 1111 1329 495

41 1328 85 1390 A.
108 1327 179 1399 Pol,
190 1329 488 1407 egoutremvitleo,
504 1341 541 1389 tu
550 1329 715 1402 inventus,
724 1330 997 1389 vere‘vanitudine
1017 1344 1042 1394 t.
1052 1346 1076 1390 t.
1085 1353 1112 1394 c.

34 1409 113 1488 Qui
128 1412 313 1471 convincas!
329 1409 392 1471 Sed
408 1430 524 1491 quaeso
539 1411 661 1482 hercle,
678 1412 831 1493 agedum,
846 1412 971 1490 adspice
987 1415 1110 1473 adme!

289 1543 293 1552 .
626 1494 681 1556 T.
704 1494 806 1552 Hem!
851 1496 890 1558 A.
912 1493 975 1552 Dio
994 1498 1108 1556 modo:

37 1573 87 1635 Te
110 1574 299 1655 Tyndarum
320 1595 388 1640 esse
405 1578 529 1658 negas?
561 1573 600 1639 T.
621 1578 726 1658 Nego,
744 1578 889 1655 inquam..
916 1577 956 1639 A.
976 1578 1061 1639 Tun'
1077 1592 1109 1639 te

559 1660 766 1720 Philocraten
788 1678 854 1717 esse
877 1659 932 1718 ais.
953 1683 956 1692 ·
974 1662 996 1719 i.
1014 1676 1038 1725 t.

37 1739 78 1802 T.
103 1739 163 1815 Ajo
184 1742 327 1822 inquam.
358 1743 397 1802 A.
421 1741 517 1803 Tune
541 1742 619 1803 huic
641 1741 770 1802 credis?
798 1741 840 1801 H.
864 1741 941 1803 Plus
966 1745 1109 1822 quidem,

239 1865 262 1878 x,
515 1849 519 1854 ·
558 1843 656 1904 quam
671 1824 913 1887 tibiautmihi:
956 1831 1070 1887 t.t'.c.·

36 1906 126 1967 Nam
139 1905 195 1966 ille
210 1907 355 1985 quidem,
372 1926 470 1988 quem
490 1919 528 1969 tu
546 1925 610 1968 esse
629 1907 717 1966 hunc
730 1925 900 1986 memoras,
916 1905 1013 1968 hodie
1027 1909 1106 1994 hine

208 1997 212 2034 1
556 1989 639 2050 abiit
658 1988 789 2049 Alidem
1044 2003 1106 2069 500

34 2069 84 2131 Ad
108 2082 233 2149 petrem
252 2067 359 2145 hujus.
399 2071 436 2134 A.
461 2073 572 2151 Quem
587 2084 724 2152 patrem,
739 2072 795 2149 qni
810 2092 917 2132 servos
936 2074 1008 2133 est?
1044 2115 1045 2120 η
1097 2091 1101 2102 ’

466 2192 472 2204 ·
787 2153 827 2215 T.
849 2154 892 2214 Et
913 2167 950 2215 tu
972 2158 1103 2238 quidem

36 2233 162 2308 Servos,
180 2248 212 2296 et
229 2235 310 2296 liber
324 2235 436 2306 fuist13
459 2248 492 2296 et
506 2255 566 2319 ego
586 2258 641 2298 me
662 2235 789 2299 confido
809 2237 892 2306 fore,

35 2317 68 2379 si
90 2318 187 2393 hujus
208 2317 272 2377 huc
294 2319 526 2379 reconciliasso
541 2322 579 2381 in
597 2319 786 2379 libertatem
806 2317 924 2378 filium.

34 2402 72 2459 A.
92 2400 410 2479 Quidalsfurcifer?
425 2404 497 2460 tun'
510 2407 646 2481 gnatum
655 2415 689 2460 te
697 2399 932 2461 essememeras
939 2399 1102 2461 liberum?

36 2483 75 2546 T.
101 2486 133 2545 N
134 2501 178 2542 on
194 2482 348 2563 equidem
361 2502 415 2543 me
428 2481 595 2558 Liberum,
616 2484 671 2545 sed
684 2482 904 2546 Philocratem
921 2502 988 2543 esse
1001 2482 1062 2558 ajo.

550 2613 552 2620 .
709 2568 751 2625 A.
776 2564 865 2645 Quid
878 2567 959 2635 est?
1022 2584 1103 2645 ·5o5

34 2647 81 2710 Ut
106 2647 269 2720 scelestus,
290 2647 405 2733 Hegio,
425 2667 513 2710 nunc
533 2651 594 2711 itte
614 2659 647 2708 te
667 2648 761 2709 ludos
781 2648 877 2708 iacit!

35 2732 126 2793 Nam
147 2734 173 2793 is
195 2744 242 2791 est
258 2749 366 2792 servos
385 2733 464 2811 ipse,
485 2751 593 2814 neque
617 2744 744 2811 praeter
766 2751 801 2791 se
821 2748 965 2810 unquam
986 2735 1017 2793 ei
1035 2753 1100 2795 ser⁴

553 2834 615 2874 vos·
627 2815 703 2876 fuit.

33 2895 72 2958 T.
95 2896 181 2973 Quia
191 2907 263 2957 tute
276 2896 343 2976 ipse
359 2916 432 2978 eges
446 2896 603 2980 inpetria,
615 2916 675 2957 nec
684 2897 753 2966 tibi,
765 2898 822 2974 qui
829 2897 924 2969 vivas,
935 2897 1023 2959 domi
1034 2912 1096 2960 est:

34 2979 150 3040 Omnis
171 2979 311 3039 inveniri
332 2980 447 3040 similis
468 2980 530 3040 tibi
550 2982 604 3041 vis.
634 2981 712 3041 Non
724 2979 845 3039 mirum
859 2981 954 3041 facis:
1040 3024 1043 3029 -

33 3060 89 3123 Est
110 3066 331 3133 miserorum,
372 3075 411 3123 ut
441 3061 668 3124 malevolentes
696 3061 763 3122 siut
795 3075 893 3142 atque
926 3064 1101 3130 invideant

551 3145 653 3204 bonis.
790 3191 795 3205 .
1062 3170 1098 3209 ιο

33 3229 69 3290 A.
84 3227 204 3310 Hegio,
217 3226 290 3288 vide
305 3228 358 3301 sis,
376 3247 419 3288 ne
435 3226 513 3308 quid
528 3238 565 3287 tu
580 3223 658 3287 huic
669 3239 793 3290 temere
807 3230 935 3292 insistas
946 3168 1095 3291 crede5re!

33 3314 151 3390 Atque,
175 3320 211 3370 ut
225 3313 395 3391 perspicio,
415 3309 558 3390 profecto
579 3310 644 3385 jam
661 3311 782 3389 aliquid
799 3332 927 3393 pugnae
949 3313 1055 3376 dedit:

31 3394 157 3454 Filium
167 3407 259 3454 tuom
274 3392 359 3472 quod
375 3392 572 3453 seredimere
582 3394 639 3464 ait,
646 3392 679 3451 id
686 3414 727 3453 ne
735 3398 883 3473 utiquam
890 3394 973 3456 mihi
981 3395 1096 3474 placet.

32 3473 70 3537 T.
94 3476 186 3548 Seio,
207 3488 240 3537 te
252 3476 287 3538 id
302 3474 393 3538 nolle
409 3474 500 3554 fieri3
523 3473 668 3569 aeficium
682 3489 792 3539 tamen
808 3498 869 3562 ego
881 3479 932 3551 itl,
952 3479 980 3538 si
993 3478 1026 3537 di
1040 3478 1095 3536 ed-

551 3572 680 3636 Juvantt

96 3715 156 3769 493.
174 3704 218 3769 V.,
231 3700 339 3757 frustra
354 3700 497 3773 impedito
511 3715 608 3753 versu:
629 3719 688 3752 eum
702 3703 826 3770 ignoras.
841 3700 1000 3756 Glossema.
1033 3716 1093 3772 499.

31 3767 79 3821 Va
98 3769 167 3835 Ego,
186 3770 306 3838 iuquam,
324 3768 473 3826 laborante
491 3768 609 3838 quidem
625 3785 711 3820 versu
727 3769 856 3822 necsatis
873 3768 1013 3822 concinna
1030 3785 1093 3822 ore·

30 3836 121 3888 tione.
154 3836 325 3905 Legendum
350 3838 398 3904 AJ'o
422 3839 548 3903 inquam,
565 3844 600 3886 ut
622 3834 713 3901 Nego,
732 3838 861 3953 inquam
885 3841 933 3900 Ajo
956 3852 1016 3886 non
1039 3837 1092 3890 eli·

31 3900 167 3966 dentium.
218 3914 279 3969 505.
294 3904 384 3956 Recte
401 3902 526 3955 Bosseha
538 3901 680 3964 observet,
697 3903 769 3953 simu
799 3902 854 3955 hoc
871 3901 999 3971 intelligi
1016 3903 1093 3956 velle

30 3966 200 4032 Tyndarum
216 3985 275 4021 uon
291 3986 321 4022 se
337 3968 464 4023 liberum
479 3969 537 4032 iam
554 3984 624 4035 esse,
639 3968 690 4020 sed
705 3968 910 4024 Philocratem.
939 3969 1012 4034 Quid
1031 3973 1095 4023 est?

30 4033 114 4089 Curi
131 4034 302 4152 quomodo?
326 4046 361 4088 ut
376 4036 443 4089 Aul.
461 4046 520 4103 505.
570 4047 629 4103 ⁵03·
653 4034 699 4088 Sic
715 4034 854 4100 Helmst„
878 4043 911 4085 ut
933 4036 1003 4091 alihi
1020 4055 1090 4106 quo·

26 4115 86 4217 33¹·oe
104 4117 150 4153 me
167 4102 239 4154 'ores
254 4099 331 4154 libri.
347 4104 380 4154 V.
398 4119 456 4154 una
472 4117 559 4155 voce:
577 4102 744 4172 neutiquam,
759 4102 856 4156 minus
873 4100 989 4172 quidem
1003 4113 1091 4160 recte.

51 4165 92 4219 id.
110 4167 206 4222 Bentl.
223 4166 260 4221 ad
276 4170 392 4224 Terent.
410 4172 479 4223 Hee.
499 4168 541 4233 68.
