2725 4659
534 286 741 368 CAPTIVJ.
1095 311 1172 381 219

104 472 145 532 A.
167 469 345 530 Certumne
366 482 415 530 est
434 468 496 536 tibi
515 467 622 530 istuc?
684 465 728 530 H.
749 466 824 536 Non
845 456 960 532 moriri
979 466 1124 529 certiust.

105 554 265 618 Abducite
284 549 556 613 istum'actu'tum
576 551 616 611 ad
630 548 844 629 Hippolytum
861 547 1009 610 fabrum:

102 637 224 697 Jubete
243 637 323 696 huic
344 651 461 695 orasses
483 633 642 713 conpedes
661 634 833 713 inpingier.
905 647 908 654 ’
1074 627 1083 676 ἶ
1112 631 1175 694 660

104 719 189 780 Inde
209 733 303 780 outre
323 733 451 797 portam
472 716 513 775 ad
534 735 647 777 meum
668 716 826 777 libertum
846 712 1021 778 Cordalum

102 800 149 862 Iu
169 802 360 881 lapicidinas
380 795 484 860 faoite'
499 792 653 859 deductus
675 800 735 857 siet
746 787 766 868 ς’
913 815 915 818 ’

104 888 215 963 Atque
235 885 281 943 ita
302 904 356 944 mo
379 884 461 943 velle
478 881 572 942 'huno
592 882 703 942 dicito·
715 881 867 951 curarim,

107 968 162 1029 Ne
184 965 262 1044 quid
282 964 423 1028 deterius
444 965 522 1025 huia
543 966 594 1034 sit,
618 983 716 1043 quam
737 964 813 1043 quoi
834 981 981 1042 pessuma
1002 974 1061 1036 eet,
1162 1015 1163 1018 ,
1227 1009 1232 1022 .

108 1048 151 1116 T.
173 1048 241 1132 Cur
261 1068 321 1131 ego
341 1063 375 1108 te
394 1049 500 1108 invito
521 1048 643 1112 salvom
663 1066 718 1107 me
740 1065 808 1105 esse
827 1045 1012 1124 penulam?
1115 1046 1178 1126 665

107 1132 275 1193 Periclem
297 1133 381 1192 vitae
402 1149 497 1191 meae
516 1144 572 1191 tuo
595 1126 656 1190 stat
676 1128 832 1209 periculo.

108 1216 186 1275 Post
205 1228 347 1274 mortem
367 1214 404 1274 in
423 1225 532 1275 moue
552 1212 639 1274 nihil
660 1226 719 1286 est,
741 1210 826 1291 quod
846 1217 1005 1283 metuam,
1022 1209 1131 1284 malit

110 1296 155 1360 Et
175 1317 232 1375 per
252 1297 280 1356 ei
300 1299 370 1357 vivo
393 1315 493 1375 usque
514 1295 736 1370 ad-summarn
758 1306 916 1374 aetatem:
946 1305 1105 1370 tameo,
1167 1362 1175 1370 ,

111 1378 210 1439 Breue
231 1382 371 1458 spatium
389 1391 437 1439 est
458 1378 659 1456 perferundi,
680 1395 762 1456 quae
783 1378 915 1437 minitas
940 1376 1034 1440 mihi.
1136 1449 1138 1454 ,

110 1462 190 1522 Vale
209 1474 307 1541 atque
327 1463 431 1540 selv03
452 1461 523 1532 etsi,
542 1460 642 1519 aliter
662 1472 700 1519 ut
721 1461 838 1531 dicam,-
853 1473 972 1519 meres.
1118 1459 1180 1540 670

110 1543 165 1603 Tu
185 1545 441 1625 Aristophontes,
463 1542 503 1602 de
523 1563 577 1603 me
600 1555 637 1603 ut
657 1544 819 1612 meruisti,
842 1544 888 1602 ita
909 1543 998 1601 vale:

108 1629 142 1689 N
144 1646 196 1688 am
212 1627 296 1688 mihi
316 1641 447 1708 psopter
468 1640 502 1686 10
520 1624 583 1686 hoo
598 1624 729 1707 obtigit.
756 1627 803 1685 11.
823 1623 896 1690 Oh!
909 1633 914 1636 “
929 1624 977 1687 Ἠ.
999 1613 1178 1687 eremite!

109 1708 151 1773 Τ.
172 1711 215 1770 At
235 1730 342 1773 unum
357 1711 420 1770 hoo
443 1726 566 1790 quaeso,
588 1711 614 1770 si
635 1707 699 1767 huo
718 1707 837 1784 rebitet
856 1705 1066 1780 Philocrates,
1221 1725 1223 1728 ·

110 1792 158 1852 Ut
177 1795 225 1853 mi
244 1794 313 1869 ejus
332 1793 429 1854 facias
448 1790 667 1852 conveniundi
687 1792 823 1870 copiam}
942 1799 946 1806 ‘
1032 1799 1034 1803 '
1136 1799 1139 1806 ’

109 1876 154 1941 Η.
174 1876 317 1949 Peristis,
337 1879 401 1936 nisi
422 1876 487 1951 jam
507 1874 595 1936 hunc
610 1894 634 1932 e
655 1887 830 1954 conspectu
852 1871 1029 1934 abducitis!
1113 1875 1182 1952 675

110 1958 150 2020 T.
172 1960 226 2020 Vis
247 1960 326 2020 haec
348 1956 609 2039 quidem'hercle
631 1970 690 2025 est,
713 1970 745 2015 et
765 1955 850 2016 trahi
872 1969 905 2017 et
924 1956 1014 2016 trudi
1036 1955 1150 2034 simul,

110 2041 240 2103 111110
261 2055 309 2102 est
331 2042 488 2102 obductus
508 2039 653 2107 rectein
672 2037 858 2119 phylaeem,
880 2049 919 2100 ut
931 2039 1058 2119 dignus
1079 2049 1138 2101 est.

109 2124 179 2206 Ego
192 2125 266 2187 illis
287 2126 438 2204 eapteivis
460 2123 531 2184 aliis
553 2125 786 2186 documentum
809 2119 903 2193 dabo,

111 2210 164 2270 Ne
185 2207 251 2269 tale
274 2210 445 2287 quisquam
465 2205 592 2267 facinus
612 2206 755 2284 incipere
778 2201 910 2263 audeat:

113 2292 210 2369 Quod
230 2290 349 2367 absque
370 2291 432 2350 hoo
453 2302 554 2361 esset,
577 2288 631 2365 qui
651 2286 736 2350 mihi
756 2285 819 2343 hoc
840 2286 918 2345 fecit
939 2285 1057 2365 palam.
1120 2287 1182 2355 680

111 2373 223 2453 Usque
244 2373 452 2454 obfrenatum
475 2373 539 2433 suis
559 2387 613 2431 mo
635 2369 806 2436 ductarent
826 2366 919 2428 dolis.

110 2456 211 2517 Nunc
231 2467 357 2516 certum
378 2469 425 2516 est
446 2454 532 2514 nulli
551 2450 683 2535 posthac
704 2449 880 2532 quidquam
901 2450 1050 2513 credere:

112 2538 196 2601 Setis
217 2557 288 2600 sum
310 2538 412 2599 semel
432 2537 595 2616 deceptus.
637 2532 770 2613 Speravi
789 2535 899 2606 miser,
1054 2545 1058 2554 ·
1089 2547 1091 2552 ’

112 2621 166 2683 Ex
187 2622 344 2682 servitute
363 2641 417 2682 me
439 2621 597 2681 exemisse
617 2618 726 2678 filium
740 2635 762 2687 ;·
1046 2685 1049 2692 .

111 2704 162 2765 Ea
183 2725 252 2786 spes
273 2704 378 2783 elapsa
398 2707 461 2766 est.
498 2701 630 2763 Perdidi
650 2720 756 2760 unum
777 2697 897 2760 fiilium
1122 2701 1185 2782 685

112 2790 260 2854 Puerum
282 2785 500 2866 quadrimum,
524 2804 623 2867 quem
643 2783 728 2845 mihi
749 2801 854 2842 servos
875 2784 1013 2858 surpuit,

113 2871 230 2949 Neque
252 2889 329 2930 eum
351 2890 477 2931 servom
497 2887 643 2948 unquam
663 2869 780 2944 reperi,
802 2884 908 2944 neque
926 2865 1054 2945 iiiium3

114 2950 221 3027 Major
240 2958 363 3034 potitus
382 2951 527 3012 hostium
550 2963 606 3012 est.
650 2947 748 3026 Quod
768 2949 830 3008 hoo
852 2959 900 3007 est
920 2950 1046 3010 scelus?
1130 2957 1133 2962 ’

116 3036 220 3114 Quasi
239 3039 274 3098 in
295 3035 466 3096 orbitatem
486 3035 601 3095 liberos
621 3023 850 3112 produxerim!

116 3119 259 3197 Sequere
280 3118 356 3179 hac:
378 3117 530 3180 reducam
551 3128 594 3190 te,
614 3115 673 3174 ubi
694 3116 794 3175 fuisti.
837 3114 988 3177 Neminie
1126 3116 1187 3196 690

115 3198 266 3262 Misereri
287 3216 414 3266 certum
436 3212 494 3273 est,
516 3200 590 3278 quia
610 3200 676 3260 mei
697 3197 829 3258 miseret
850 3199 1049 3261 meminens!
1079 3211 1080 3214 ’

115 3287 157 3347 Α.
177 3283 393 3366 Exauspicavi
414 3301 454 3341 ex
475 3284 608 3351 vinclis3
631 3300 720 3342 nunc
739 3279 897 3365 intellego

117 3367 426 3448 Redauspicandum
446 3386 512 3431 esse
533 3366 571 3427 ia
591 3377 718 3425 catenas
739 3364 855 3429 denuo.

186 3541 245 3610 663.
263 3543 309 3595 Ita
326 3543 424 3597 Guelf.
442 3544 489 3594 V.:
508 3542 602 3610 dicite,
641 3540 699 3598 uod
710 3538 827 3596 mimeri
843 3555 902 3593 non
920 3538 1089 3593 admittunt.
1104 3539 1190 3606 Dicit

85 3677 88 3682 Ι
118 3608 177 3663 hoo
194 3624 280 3662 senex
293 3611 347 3664 uni
365 3625 447 3663 servo
464 3606 603 3663 fideliori.
674 3627 702 3673 ι,
722 3607 799 3681 quod
817 3607 906 3678 vulgo
923 3608 1018 3671 abest,
1034 3602 1143 3723 legigur
1158 3609 1191 3659 in

119 3677 257 3731 omuibus
273 3680 402 3733 vetustis.
450 3675 511 3743 664.
528 3673 576 3728 810
591 3675 661 3731 iibri
675 3675 811 3749 plurimi.
827 3676 878 3729 V.:
898 3676 942 3726 Nc
999 3674 1017 3724 i.
1102 3676 1191 3736 8.]10

121 3741 223 3799 Guelf.
245 3754 276 3798 et
291 3746 406 3800 Moneo.
430 3745 480 3795 Va
504 3744 540 3797 Ει
556 3745 582 3795 si
597 3744 715 3812 pervivo.
764 3741 825 3814 672.
851 3741 902 3795 Oh.
978 3750 1015 3807 go
1036 3755 1094 3793 non
1117 3739 1192 3810 legi-

119 3820 189 3874 tur;
211 3813 260 3865 aad
282 3813 414 3867 Moneo:
432 3811 539 3878 obtigit.
560 3828 587 3863 o.
612 3811 656 3866 he.
681 3811 817 3862 abducite.
868 3810 927 3876 675.
950 3809 994 3859 ua
1009 3809 1191 3876 1101010101,

120 3892 159 3929 ox
180 3880 240 3934 11111
255 3878 455 3944 hauddubie,
471 3877 595 3929 &oscha
616 3879 666 3933 Vs
690 3877 827 3932 Periisn's.
842 3880 901 3943 jum
918 3875 991 3925 hurso
1008 3876 1125 3945 Argunt.
1143 3878 1191 3928 νή

120 3945 197 3998 broie
208 3950 279 4017 jam.
328 3944 386 4017 677.
405 3948 523 4000 Frustra
538 3941 609 3999 libri
627 3945 705 3996 Illic.
757 3941 815 4012 678.
831 3940 954 3997 Helm'ot.
978 3942 1109 4012 idoneos
1128 3961 1193 4009 cep-

120 4012 198 4139 a'vis.
219 4081 225 4094 .
248 4010 486 4077 682.1taGuolf.
511 4011 560 4064 Vm
581 4024 643 4083 post
656 4011 740 4065 11010.
789 4007 848 4081 687.
865 4008 911 4064 Sic
925 4010 1017 4068 nostri
1036 4008 1119 4070 codd.
1141 4010 1191 4063 v.=

152 4115 160 4131 a
179 4099 263 4142 (Mi
289 4115 293 4126 ¹
327 4113 339 4124 *⁴
1099 4115 1103 4122 ·

608 4178 624 4183 r.
633 4175 773 4184 ...φ-«Μ.-
782 4170 784 4176 “
