2725 4659
245 277 317 350 124
576 251 631 326 Μ.
682 254 725 324 A.
775 253 959 325 Plau-TI

240 433 363 517 Edepol
382 454 444 498 uae
461 433 533 495 illio
553 430 700 512 pulcram
719 432 871 517 praedam
890 435 983 519 sgat',
1013 438 1116 518 siqui
1135 438 1233 512 illam
1249 441 1294 500 ir-

752 521 878 580 venerit

194 629 197 636 ·
240 602 359 668 Aulam
379 600 618 664 onustamauri·
660 597 835 743 Verurffld
853 615 886 662 te
909 619 1023 679 quaeso
1043 616 1081 663 ut
1093 603 1290 683 prohibessis‚

353 747 356 754 ,
780 704 855 746 res.
1056 729 1059 734 -
1270 707 1289 766 5

239 770 337 838 Nunc
356 768 480 833 lavabo,
500 777 536 824 ut
556 783 627 826 rem
646 764 790 828 divinam
805 765 942 845 faciam3
962 786 1004 828 ue
1017 766 1158 830 adfinem
1178 693 1288 844 morib,

242 852 342 927 Quin,
363 850 421 910 ubi
441 859 584 918 arcessat,
604 866 715 906 meam
731 849 894 930 extemplo
914 849 1021 911 filiam
1042 850 1139 912 ducat
1151 852 1286 915 domum.

239 934 337 1005 Vide,
357 931 471 1005 Fides,
486 931 592 1004 ‚etum
612 943 708 1010 atque
730 929 828 990 etiam
846 950 952 1005 nunc,
984 931 1106 992 salvam
1126 948 1165 996 ut
1186 935 1286 996 aulam

388 1055 394 1058 -
750 1013 856 1073 abste
877 1016 1043 1076 auferam!
1103 1077 1105 1079 ,

239 1100 329 1162 Tuae
344 1097 408 1158 fide
423 1092 605 1158 concredidi
619 1112 757 1166 aurum3
777 1095 814 1154 iu
835 1110 892 1157 tuo
905 1097 979 1159 luco
993 1111 1028 1158 et
1046 1099 1122 1160 fauo
1137 1114 1186 1161 est
1200 1102 1285 1164 modo

358 1185 362 1194 '
748 1177 857 1240 situm.
879 1214 920 1225 -
960 1199 1002 1241 as.
1019 1193 1048 1255 d·
1070 1182 1101 1244 d
1122 1185 1145 1244 i.
1168 1188 1198 1248 d.

239 1266 314 1330 sea.
341 1261 388 1326 Di
404 1260 613 1333 inmortales,
641 1259 726 1340 quod
745 1280 806 1343 ego
826 1261 914 1344 huns
941 1260 1112 1339 bominem
1133 1267 1227 1328 audio
1244 1269 1285 1327 fa·

217 1391 219 1396 .
351 1368 356 1380 =
750 1346 841 1405 cinus
862 1345 963 1424 loqui,
1030 1361 1053 1407 t.
1075 1361 1099 1410 t.
1122 1369 1149 1409 c.
1230 1369 1283 1426 57⁰

238 1429 278 1490 Se
293 1431 406 1496 aulam
415 1437 564 1492 onustam
578 1426 647 1490 auri
660 1426 843 1488 abstrusisse
856 1425 911 1488 hic
923 1429 1010 1488 intus
1025 1431 1061 1491 in
1073 1430 1166 1492 fano!
1187 1432 1213 1492 F
1215 1433 1283 1508 ides,

236 1513 381 1584 Cave-tu
400 1510 452 1570 illi
472 1508 592 1579 fidelis,
614 1529 750 1590 quaeso,
772 1511 877 1587 potius
897 1510 1013 1580 fueris,
1036 1532 1131 1592 quam
1152 1515 1252 1575 mihi!

235 1598 342 1673 Atque
364 1606 453 1673 pater
473 1590 545 1665 hic,
573 1604 610 1652 ut
629 1612 689 1673 ego
710 1591 840 1672 opinor,
868 1591 963 1669 hujus
984 1606 1048 1666 est,
1076 1593 1175 1658 herus
1196 1617 1283 1679 quam

555 1688 560 1698 ’
748 1687 843 1737 amat.

234 1760 293 1822 Ibo
312 1759 376 1820 huc
395 1759 500 1822 intro:
530 1757 752 1837 perscrutabor
773 1757 906 1830 fanum,
934 1757 960 1817 si
982 1758 1149 1823 inveniam
1169 1764 1284 1843 uspiam

234 1847 371 1915 Aurum,
385 1841 463 1902 dum
479 1838 534 1898 hio
551 1854 597 1900 est
604 1855 788 1919 occupatus.
808 1840 846 1900 Id
861 1841 888 1900 si
900 1861 1058 1919 reperero,
1075 1844 1208 1918 oFides‚
1228 1861 1282 1924 575

235 1922 339 1996 Mulsi
359 1922 699 2004 congialemplenam·
710 1923 826 1984 faciam
846 1923 905 1986 tibi
922 1921 1090 1998 'fideliam3

234 2007 274 2067 Id
294 2009 371 2068 adeo
392 2006 453 2066 tibi
472 2005 606 2068 faciam:
637 2026 748 2067 verum
771 2026 830 2089 ego
850 2004 935 2066 mihi
954 2005 1080 2083 bibam,
1112 2010 1147 2070 id
1166 2010 1223 2070 ubi
1240 2010 1281 2071 fe-

238 2123 247 2135 ›
746 2107 833 2154 cero.
852 2125 894 2138 -
1122 2117 1124 2121 ’

234 2153 392 2237 Ἑσ..Νοη
411 2182 533 2231 temere
555 2182 620 2239 est,
650 2165 737 2248 quod
765 2190 873 2233 corvos
903 2185 1011 2233 cantat
1030 2171 1116 2234 mihi
1133 2194 1222 2238 nunc
1245 2176 1281 2236 ab
1340 2141 1341 2220 i

238 2299 242 2316 ι
425 2315 431 2322 ,
746 2252 834 2314 laeva
852 2272 970 2326 manu3

233 2340 338 2402 Simul
358 2336 488 2402 radebat
508 2335 643 2416 pedibus
662 2348 785 2396 terram
806 2351 839 2397 et
860 2357 938 2397 voce
958 2338 1099 2402 crocibat
1119 2342 1195 2405 fera.
1210 2343 1265 2405 'ct

235 2425 399 2487 Continuo
413 2438 526 2481 meum
535 2418 702 2497 corcoepit
716 2433 820 2480 artem
829 2420 933 2481 facere
945 2420 1101 2483 ludicram
1115 2438 1206 2487 tuo.
1226 2437 1281 2503 530

233 2510 339 2585 Atque
360 2508 525 2583 inpactus
548 2502 696 2561 emicare.
739 2499 800 2561 Sed
820 2521 880 2583 ego
900 2521 985 2564 cesso
1006 2503 1162 2571 currere?
1183 2538 1223 2550 ·-

218 2590 340 2659 ‚Foras
361 2586 455 2657 foras,
476 2582 647 2652 lumbrice,
668 2585 724 2662 qui
745 2583 804 2643 suh
825 2596 911 2644 terra
932 2587 1076 2666 erepsisti
1095 2590 1210 2660 modo;
1231 2591 1280 2652 it.

233 2672 299 2750 Qui
314 2671 484 2748 nusquam
513 2664 707 2746 conparebas
735 2666 849 2740 modo,
877 2668 972 2729 modo
1006 2689 1102 2747 quom
1130 2692 1281 2753 conpares,

743 2749 845 2830 peris!

232 2834 300 2916 Ego
322 2834 435 2913 edepol
455 2846 500 2903 te,
517 2831 751 2912 praestigiator,
772 2834 897 2893 miseris
913 2835 979 2910 jam
994 2837 1147 2916 accipiam
1167 2838 1281 2899 modis!
1339 2837 1340 2844 ’

231 2916 310 2978 Sus.
342 2916 433 3003 Quae
463 2928 496 2977 te
525 2913 612 2978 male
640 2936 719 2976 crux
746 2916 871 2998 agitat?
907 2917 987 2997 quid
1006 2918 1068 2979 uhi
1087 2937 1220 2982 mecum
1240 2933 1282 2982 est

745 3002 931 3070 commersi,
954 3020 1062 3076 senex,
1077 3015 1102 3078 t.
1118 3016 1141 3062 t.
1157 3023 1183 3066 c.
1227 3013 1282 3079 585

232 3081 319 3160 Quid
333 3102 386 3142 me
399 3076 562 3145 adflictari
579 3080 721 3157 quidone
734 3079 860 3157 raptas?
878 3100 940 3163 qua
954 3102 1008 3143 me
1014 3102 1108 3144 causa
1116 3086 1283 3147 verberas?

231 3167 290 3228 Eu.
311 3162 630 3234 Verberabilissume,
651 3165 751 3228 etiam
770 3162 897 3244 rogitas,
917 3173 984 3224 non
1003 3165 1072 3239 fur,
1095 3167 1150 3228 sed
1170 3168 1282 3230 trifur?

296 3423 356 3489 564.
374 3422 420 3495 qui
434 3397 725 3474 Acid.'numerorum
741 3437 834 3474 carisa.
857 3425 909 3480 V.:·
930 3425 1022 3497 quis·
1049 3421 1108 3494 567.
1125 3426 1174 3477 V.:
1202 3424 1236 3494 Q.
1257 3443 1283 3477 u.
1337 3399 1339 3408 Α

230 3510 287 3543 oro.
305 3510 363 3555 mo,
388 3506 475 3540 meam
497 3495 551 3539 etc.
587 3487 643 3540 sed
657 3505 759 3559 sponsa
776 3490 956 3559 arcessenda,
978 3506 1037 3543 uon
1052 3507 1147 3542 senex.
1180 3493 1283 3563 Perpe·

228 3573 292 3611 ram
310 3556 487 3626 geminatum
505 3573 558 3606 me·
575 3555 607 3610 in
624 3575 720 3607 meam.
767 3569 825 3622 574.
842 3558 890 3613 V.:
908 3560 932 3608 Ῑ.
951 3558 1016 3608 binc
1033 3559 1052 3608 i.
1103 3571 1159 3625 575.
1176 3560 1224 3608 V.:
1241 3577 1283 3609 oo·

230 3639 362 3690 topatus.-
385 3624 432 3673 sed
450 3623 476 3672 si
492 3630 545 3673 eto.
595 3636 654 3701 539.
672 3624 751 3689 jero.
773 3621 868 3678 ‚Libri
883 3625 994 3694 inepte:
1020 3642 1087 3689 suu,
1136 3642 1188 3677 uae
1204 3642 1283 3676 voca·

227 3690 297 3743 bula
312 3688 388 3742 haud
405 3704 472 3741 raro
489 3688 545 3740 sibi
559 3692 686 3742 invicem
698 3688 834 3743 offecere:
851 3689 915 3744 vido
926 3693 1048 3809 interpp.
1066 3690 1103 3742 ad
1143 3690 1198 3741 vid.
1213 3693 1281 3743 Met.
1338 3703 1339 3746 t

230 3776 262 3822 r,
283 3751 357 3823 ¹59³*
373 3764 430 3822 68²·
443 3755 497 3814 ,Sic
511 3755 599 3822 plane
616 3754 725 3820 Guolb,
744 3764 777 3807 ut
793 3754 885 3807 edidit
900 3756 979 3809 Cum.
1039 3757 1113 3809 uteri
1129 3756 1197 3809 libri
1214 3766 1281 3809 vett

227 3823 316 3877 semel
333 3822 487 3876 ostendunt
495 3826 592 3888 joras,
602 3822 774 3891 imperfecto
791 3821 909 3890 quidam
925 3838 1018 3875 versu.
1035 3824 1153 3878 bamb:
1170 3824 1281 3890 Isaras.

226 3892 352 3956 §Quid-t
374 3889 429 3955 Qui
446 3891 524 3940 modo
542 3903 688 3956 sucumque
707 3897 797 3951 nunc,
825 3907 903 3959 quom
920 3901 1021 3957 comp„
1044 3892 1126 3958 peris.
1160 3891 1280 3958 Monac„

227 3956 356 4025 optimae
370 3954 562 4010 notae-libers:
595 3954 629 4023 Q.
647 3974 681 4007 m.
701 3973 730 4007 n.
750 3974 776 4015 o.
793 3956 871 4010 ruodo
890 3972 1044 4027 compares,
1061 3975 1089 4026 p.
1113 3956 1220 4010 Gueli:
1248 3953 1281 4026 Q

226 4041 255 4074 u.
276 4021 449 4088 temporebus
465 4023 552 4072 modo.
