2725 4659
450 238 760 318 Aurfflrroo.
1089 245 1148 336 ὧι

89 421 200 502 Itaque
225 437 311 492 nuno
342 443 447 496 sum,
461 434 500 483 ut
520 440 560 482 ee
585 433 618 481 te
639 432 747 560 patepp
767 419 895 482 donem.
944 419 1008 514 Sed
1033 421 1093 500 qui
1110 422 1152 496 is·

603 516 659 564 tuc
680 514 742 561 ιιι

89 588 201 649 Dixit?
244 589 303 651 Au.
325 589 396 669 Ego
415 585 548 664 quidem
568 604 610 648 ex
629 598 662 645 te
691 583 816 656 audivi,
847 598 881 648 et
901 599 1023 656 ortua
1042 587 1153 665 accepi
1231 579 1235 586 ’

511 703 514 708 ι
606 686 720 734 manu,

89 753 252 822 Peterem.¹
289 754 357 812 AM.
378 748 497 824 Mane,
529 768 643 822 mone,
675 750 805 811 obsecro
825 753 875 812 te!
902 779 945 792 -
970 750 1077 815 Nimis
1096 749 1150 820 de·

77 865 82 877 ·
604 832 720 906 miror,
743 831 843 901 Sosia,

91 919 157 996 Qui
176 917 274 977 illaec
294 915 342 975 illi
362 934 416 975 me
438 914 598 978 donotmn
619 935 689 996 essev
707 933 803 976 aurea
824 928 930 994 patera
952 915 1041 987 sciat,
1124 941 1127 948 ¹

87 1004 161 1063 Nisi
174 1015 212 1058 ιιι
222 999 343 1057 dudum
356 998 628 1058 hancconvenisti
645 1010 677 1056 et
686 999 848 1057 narravisti
861 998 942 1057 haec
951 998 1073 1060 omnia.
1088 998 1150 1073 613

89 1082 146 1146 So,
162 1086 278 1160 Neque
300 1079 414 1160 edepol
432 1080 517 1153 dixi,
538 1099 644 1176 neque
668 1098 728 1220 epo
741 1079 840 1141 istam
861 1079 939 1149 vidi,
958 1081 1151 1170 uisitecun

88 1249 163 1308 Au,
180 1217 267 1324 Quid
287 1246 349 1309 hoc
370 1247 409 1306 sit
428 1243 572 1306 hominis
584 1182 712 1305 lsmlllrl
732 1243 804 1304 Vin'
825 1244 964 1321 proferri
983 1242 1152 1323 pateram?

536 1333 603 1388 AM.
625 1326 770 1390 Proferri
793 1326 875 1385 volo.
1000 1329 1023 1386 i.
1044 1337 1068 1388 t.

8 1471 9 1474 ,
87 1414 145 1474 Ar.
176 1412 267 1474 Fiat!
302 1439 343 1454 -
374 1412 417 1472 At
433 1423 490 1485 tu,
515 1410 687 1551 'I'heepplpg
719 1409 808 1470 intus
836 1409 1151 1552 Pateratmtprcdm

90 1575 161 1654 Qua
187 1574 284 1635 hodie
313 1576 359 1635 vir
389 1594 486 1636 meus
511 1595 566 1652 me
586 1532 727 1716 dpnevit.
769 1575 833 1636 Au.
863 1535 981 1635 Secede
1007 1575 1074 1635 huc
1099 1588 1149 1646 tu,

591 1681 594 1703 ’-
626 1676 700 1717 osia.

86 1742 263 1802 Enimvero
284 1739 367 1799 illud
389 1754 518 1818 praeter
538 1741 602 1801 alia
621 1739 705 1799 mira
724 1740 827 1800 miror
846 1760 1014 1812 maxume,
1090 1741 1151 1802 620

86 1823 122 1884 st
149 1823 227 1882 haec
255 1821 354 1882 habet
376 1835 517 1901 pateram
537 1824 641 1885 illam.
670 1821 738 1884 ‚So.
765 1824 817 1882 An
844 1824 942 1883 etiam
969 1823 1006 1882 id
1034 1821 1149 1894 credis,

154 1957 165 1984 ,
602 1923 686 1986 quae
706 1906 742 1964 in
760 1903 821 1964 hac
841 1905 1001 1965 cistellula

86 1987 160 2048 Tuo
181 1987 272 2080 signo
293 1988 460 2070 obsignato
480 1988 607 2051 fertur?
649 1989 718 2048 AM.
741 1985 868 2048 Salvom
888 1990 1018 2067 signum
1037 1987 1108 2047 est?

842 2070 894 2134 So,
916 2071 970 2132 Ins
993 2072 1054 2133 ioe.

83 2157 152 2215 AM.
174 2155 291 2215 Recte!
313 2155 361 2215 ita
381 2165 450 2227 est,
479 2165 515 2213 ut
536 2153 714 2234 obsignavi.
757 2152 809 2213 So.
833 2091 992 2231 Quaeso,p
1009 2153 1091 2231 quin
1109 2165 1150 2215 tu

28 2289 34 2298 .
604 2238 708 2296 istanc
730 2234 821 2311 jubes

82 2319 149 2379 Pro
166 2320 280 2393 cerrita¹
294 2318 520 2377 circumferri?
563 2321 628 2378 Αιι.
650 2318 771 2396 Edepol
788 2318 867 2396 quin
882 2317 967 2376 facto
989 2329 1037 2376 est
1052 2335 1149 2392 opus:

81 2400 174 2466 Nom
194 2400 275 2459 haec
298 2399 429 2479 quidem
445 2399 559 2479 edepol
578 2401 745 2461 leriiarum
766 2401 864 2480 pleno
883 2412 941 2461 est,
980 2402 1042 2464 Ar.
1064 2398 1151 2478 Quid

605 2482 709 2550 uerbis
731 2484 849 2562 opust?
1087 2484 1150 2558 625

80 2565 173 2627 Hem
193 2564 254 2627 tibi
273 2576 427 2646 poteram,
449 2568 572 2625 eccam!
614 2568 678 2626 Αιι.
702 2564 788 2625 Cedo
810 2565 874 2623 mi!
915 2567 974 2626 Ar.
995 2566 1076 2647 Age,
1095 2568 1147 2629 ad·

482 2710 487 2718 ,
601 2649 688 2729 spice
708 2646 774 2706 huc
799 2649 841 2707 sis
862 2667 949 2708 nunc
970 2654 1037 2709 iam

81 2731 157 2804 Τιἰ,
179 2731 251 2813 qui,
274 2750 355 2810 quae
377 2731 481 2803 facte,
502 2731 658 2803 inficiare,
682 2750 778 2808 quem
799 2748 859 2811 ego
880 2730 934 2789 hic
957 2731 1152 2795 convincam

602 2814 724 2894 polam!

80 2894 184 2957 Estne
204 2894 284 2956 haec
306 2909 433 2974 patera,
467 2917 530 2978 qua
557 2897 694 2958 donatus
720 2895 793 2956 illi?
836 2898 901 2958 AM.
930 2894 1065 2958 Summe
1089 2897 1148 2960 lu·

601 2981 698 3060 piter,

83 3057 174 3137 Quid
195 3078 253 3141 ego
267 3059 383 3121 video?
403 3060 485 3123 haec
507 3081 544 3124 ea
560 3064 703 3142 profecto
724 3073 771 3121 est
786 3064 908 3141 patera!
930 3063 1029 3134 Perii,
1043 3063 1147 3125 Sosia!

80 3142 140 3204 So.
162 3145 228 3204 Aut
257 3141 313 3223 pol
343 3143 422 3204 haec
450 3144 690 3229 praestigiatrix
717 3145 836 3206 mulier
854 3146 964 3207 multo
992 3165 1149 3226 maxumo

602 3240 660 3308 est,
1084 3232 1147 3304 650

78 3309 150 3370 Aut
170 3320 314 3389 pateram
333 3306 389 3369 hic
409 3311 512 3372 inesse
534 3326 669 3392 oportet.
712 3312 777 3371 ΑΜ.
797 3311 958 3392 Agedum,
980 3310 1067 3372 solve
1088 3313 1147 3380 cisf

546 3422 551 3432 1
601 3395 721 3455 tulum!

72 3471 137 3534 'So.
161 3472 249 3553 Quid
270 3492 330 3554 ego
350 3473 448 3535 istam
476 3476 664 3538 exsolvam?
707 3476 880 3559 Obsignata
907 3490 956 3539 est
986 3489 1086 3535 recte.
1107 3511 1149 3524 -

382 3610 385 3616 .
696 3563 760 3623 Ros
781 3574 870 3640 gesta
892 3575 940 3621 est
959 3559 1064 3616 bene:

76 3637 138 3700 Tu
159 3639 312 3721 peperisti
332 3636 620 3720 Amphitruonem
642 3663 702 3725 ego
723 3643 823 3702 alium
845 3642 954 3722 peperi
974 3638 1116 3710 Sosiem3

73 3725 182 3788 Nune
203 3724 230 3783 si
250 3736 396 3805 poterpm
416 3738 527 3804 patera
547 3727 683 3807 peperit,
705 3744 817 3786 omnes
838 3723 1147 3805 congeminavimus.

148 3947 208 4004 611.
225 3949 275 4003 V.:
297 3951 350 4002 Sed
368 3952 429 4020 quis
446 3951 465 4002 ι’.
484 3965 520 4017 c,
537 3958 632 4004 metro
648 3949 766 4022 quidem
783 3918 960 4003 difficiliore.
1010 3929 1074 4017 (314,x
1094 3955 1147 4007 Illi

71 4021 198 4079 Moneo.
217 4018 267 4069 V.:
285 4018 356 4069 illic.
407 4018 466 4080 618.
491 4022 525 4069 Ar
540 4027 658 4086 raptum
683 4017 799 4068 videtur
820 4017 857 4068 ab
879 4015 1067 4072 antecedente
1090 4020 1147 4090 syl·

73 4086 158 4139 labo.
212 4083 273 4152 ⁶3¹·
288 4084 403 4137 Frustra
419 4083 517 4138 codd:
545 4089 593 4152 Ag.
603 4123 611 4154 ‚
632 4102 692 4135 eam
709 4100 732 4132 s.
752 4085 812 4134 cist.
