2725 4659
217 285 271 356 =8b
557 271 611 340 M.
640 271 705 342 «Α.
756 272 938 341 PLAUTI

222 454 293 516 Nae
319 454 375 515 ille
396 465 517 514 ecastor
546 449 623 511 hinc
644 454 792 514 trudetur
817 453 924 534 largus
944 451 1165 515 lacrumarum
1185 452 1286 517 fores.

222 537 285 599 Hic
305 539 371 600 dies
392 541 519 597 summa
534 545 588 593 cst
608 533 694 612 apud
712 535 790 595 med
808 537 936 613 inopiae
958 538 1129 596 excusatio.

222 619 296 681 Pur.
318 621 437 688 Patiar,
465 620 491 677 si
506 617 578 675 cibo
593 633 702 675 carere
719 637 773 677 me
788 617 912 690 jubeas,
930 631 1035 678 mater
1050 638 1134 681 mea.
1166 669 1171 678 .
1219 635 1285 698 515
1314 655 1320 670 ·

219 703 282 765 Gn.
304 705 380 764 Non
400 713 473 759 veto
494 712 673 770 reamare,
695 700 751 778 qui
764 696 867 770 dant,
895 700 979 779 quad
1000 701 1164 761 amentur?
1170 705 1282 783 gratia.

221 785 298 847 Pur.
322 782 419 861 Quid,
441 783 468 841 si
482 780 537 840 hic
552 783 677 841 animus
697 777 898 862 occupatum,
914 793 1030 857 mater,
1046 785 1121 863 quid
1138 785 1284 845 faciam?

219 905 223 914 ·
264 919 267 926 .
556 891 560 898 ·
736 883 844 927 mone.

224 950 281 1013 Cn.
303 948 400 1020 Hem,
420 964 533 1008 meum
554 956 649 1025 caput
663 947 873 1025 contempnis,
895 946 1067 1024 siquidem
1089 967 1129 1007 ex
1150 968 1187 1009 re
1208 967 1284 1011 con·

735 1028 833 1089 sulcas
854 1043 920 1088 tua.
1127 1032 1150 1093 i.
1173 1045 1199 1092 t.

221 1118 295 1178 Pin.
316 1114 424 1175 Etiam
440 1109 553 1189 opilio,
572 1109 626 1186 qui
644 1112 754 1187 pascis,
771 1125 886 1183 mater,
908 1109 1026 1171 slienas
1040 1131 1125 1181 oves,
1157 1127 1258 1178 ute.

222 1189 372 1276 Aliquam
383 1194 482 1253 habet
498 1191 709 1272 peculiarem,
724 1195 779 1270 qui
794 1214 883 1274 spem
902 1193 1031 1252 soletur
1045 1212 1156 1258 suanis
1217 1214 1280 1272 52⁰

217 1278 367 1338 sinemo
379 1289 488 1338 amare
503 1273 832 1355 unumArgyripprun
844 1277 947 1335 animi
961 1294 1065 1347 causa,
1080 1279 1181 1353 quem
1195 1279 1277 1340 vola

223 1361 280 1420 Cn.
293 1359 384 1419 Intro
399 1357 471 1419 abis
486 1374 564 1414 nam
577 1367 609 1440 te
625 1357 755 1433 quidem
770 1359 882 1439 edepol
896 1357 981 1416 nihil
996 1373 1044 1417 est
1058 1360 1279 1440 inpudentiae.

221 1445 296 1505 Pan
316 1441 512 1501 Audientem
531 1436 633 1510 diuo,
653 1454 774 1511 mater,
795 1441 976 1521 produxisti
995 1439 1108 1505 filiam.
1270 1453 1275 1458 '

441 1807 727 1888 cronius.
786 1807 1058 1906 ciuiuus

222 1977 282 2042 Lu.
322 1972 481 2037 Perfidiae
513 1973 623 2040 laudes
655 1978 837 2059 gratiasque
870 1974 1025 2036 habemus
1045 1976 1178 2050 ‚merita
1209 1991 1276 2039 ma·

315 2057 318 2064 ’
345 2098 349 2106 ,
534 2051 549 2064 ''
733 2077 821 2139 guas,
951 2059 973 2116 i.
995 2071 1070 2119 t.··c.
1092 2055 1196 2132 111,'2

223 2138 333 2219 Quom
346 2139 705 2221 nostris.sysophantiis
722 2141 801 2204 dolis
821 2141 1036 2219 astutiisque,
1061 2207 1079 2214 ..
1217 2161 1280 2224 525

221 2223 431 2304 Scapularum
452 2221 649 2286 confidentia
669 2225 799 2294 virtuti,
820 2222 986 2296 ulmorum
1006 2223 1081 2283 freti

219 2305 399 2392 Advorsum
421 2307 564 2368 stimulos
586 2306 721 2366 laminas
741 2323 914 2381 crucesque
935 2306 1167 2386 conpedesque,

219 2383 361 2461 Neisvos,
383 2389 527 2459 catenas,
549 2406 707 2458 carceres,
729 2386 908 2460 numellas,
929 2387 1075 2467 pedicas,
1096 2389 1198 2465 boias,

238 2463 471 2549 nductoresque
493 2490 671 2542 acerrumos
692 2472 991 2551 gnarosquenostri
1013 2473 1120 2552 tergi,

239 2547 305 2630 Qui
325 2574 417 2632 saepe
434 2565 507 2612 ante
521 2555 557 2612 in
577 2566 698 2614 nostras
721 2544 1278 2634 scapulascicatrices'indideruntd

220 2629 389 2696 Eas‘nunc'
406 2633 550 2713 legiones
571 2637 674 2712 copias
696 2635 937 2711 exercitusque,
958 2636 1066 2696 forum
1165 2665 1169 2676 ι
1217 2653 1278 2717 '530

219 2719 261 2778 Vi
280 2715 468 2799 pugnando,
490 2713 639 2793 perjuriis
659 2718 794 2792 nostris,
816 2717 1039 2794 euoeipotiti.

168 2978 170 2982 ,
286 2939 342 2990 514·
369 2925 414 2976 Ita
431 2925 558 2977 Gronov.
573 2926 656 2978 Libri
672 2933 742 2977 vett.
759 2922 840 2979 fere:
857 2942 993 2989 summae,
1010 2941 1122 2976 summe.
1140 2925 1277 2981 Rasum·
1344 2937 1345 2962 ³

220 2995 305 3046 mu’st
322 2996 493 3065 (summust).
544 2993 601 3058 526.
625 2996 673 3048 us
700 2994 781 3060 Scap.
807 2993 898 3056 cora-pf„
922 2993 1020 3043 virtute
1036 2992 1103 3050 uim,
1114 2994 1158 3058 fr.
1208 2995 1276 3047 Jun-

219 3059 311 3128 genda
330 3060 512 3128 Scapulamm
533 3061 641 3125 virtuti,
667 3060 800 3110 ulmorum
822 3058 962 3124 stimulos,
986 3058 1015 3109 h.
1034 3074 1059 3108 e.
1076 3057 1211 3110 stimulos
1233 3061 1276 3112 ul-

219 3142 296 3178 meos
312 3126 372 3176 sire
389 3141 422 3176 ex
440 3124 525 3175 ulmis
540 3126 641 3176 factos.
676 3125 849 3191 confidentia
866 3140 963 3175 casum
978 3124 1059 3177 verbi
1076 3125 1120 3175 sui
1136 3126 1276 3178 adsciscit.

217 3200 262 3251 Ita
284 3216 380 3251 carere
402 3211 552 3268 possumus
568 3199 705 3253 Lambini
720 3191 885 3266 ταυτολογικῷ
900 3196 953 3250 illo
975 3200 1074 3249 virture
1097 3200 1275 3272 humerorum,

217 3270 295 3342 quod
313 3277 342 3322 et
359 3269 423 3321 aliis
441 3270 567 3341 placuit,
586 3289 668 3336 cum,
686 3274 760 3324 servi
776 3289 900 3343 nequam
917 3269 1058 3341 quomodo
1075 3272 1174 3322 virtute
1191 3275 1275 3328 ulmo·

217 3357 276 3391 rum
291 3335 358 3389 freti
376 3337 556 3402 dicerentur,
575 3355 633 3389 nou
650 3340 821 3407 reperirent.
871 3354 929 3406 527.
957 3338 1004 3389 Sic
1020 3341 1140 3404 Argent.
1159 3356 1184 3390 a.
1205 3357 1275 3408 1514

215 3407 310 3469 Iunt.,
333 3403 520 3472 probantibus
536 3405 664 3456 Meursio
688 3414 775 3474 atque
797 3405 935 3457 Acidalio.
965 3407 1011 3459 Vc
1047 3404 1103 3471 Qui
1124 3406 1276 3468 advorsum,

215 3487 273 3539 5²9·
299 3472 475 3536 inductores,
498 3471 646 3538 quivelut
661 3470 802 3522 inducunt
818 3481 935 3540 tergum
951 3469 1151 3536 cicatricibus,
1177 3488 1278 3542 quem.
1342 3505 1343 3530 3

215 3537 372 3590 admodum
388 3537 482 3607 paries
498 3536 620 3587 tectorio
643 3536 752 3587 dicitur
769 3537 889 3589 induci·
910 3537 956 3589 Sic
977 3545 1074 3587 autem
1095 3535 1207 3605 Langg.
1230 3542 1278 3602 Ὦ

216 3611 438 3678 indoctoresque.
473 3610 592 3660 Uncinis
603 3608 716 3660 inclusa
732 3619 800 3662 sunt
813 3612 964 3679 glossema,
982 3615 1011 3658 et
1028 3605 1133 3677 ἄμετρον
1149 3613 1276 3684 quidem,

215 3680 348 3734 vocabuli
365 3683 536 3732 luductores.
588 3696 654 3746 550,
677 3695 734 3748 531·
759 3685 816 3734 Eas
832 3683 1009 3751 conspicitur
1031 3687 1063 3736 in
1080 3684 1143 3738 cdd·
1167 3687 1277 3743 mediis.

214 3751 328 3812 Veteres
344 3758 441 3799 autem
454 3748 663 3816 propemodum
677 3765 776 3799 omncs
790 3751 944 3801 ostendunt
954 3750 1060 3816 forum,
1078 3751 1108 3802 h.
1128 3771 1153 3806 e.
1168 3752 1274 3819 furum,

213 3816 306 3892 piper,
334 3822 441 3889 ipsum
459 3820 559 3886 surum
583 3819 693 3888 legitur
715 3823 745 3873 in
767 3820 851 3874 libris
873 3820 1035 3888 nonnullis,
1058 3824 1090 3876 in
1114 3824 1219 3895 quibus
1236 3836 1279 3880 est
1341 3821 1342 3828 ¹

213 3908 293 3949 tems
311 3894 480 3946 Camerarii.
515 3894 613 3945 Furem
630 3898 659 3944 vi
675 3915 799 3966 pugnare
823 3906 901 3966 (nam
925 3897 996 3948 haec
1012 3898 1174 3967 jungenda,
1198 3916 1277 3951 secus

213 3980 245 4013 ac
270 3963 355 4029 vulgo
372 3961 422 4024 su)
446 3968 489 4011 est
505 3960 625 4025 fallere,
652 3962 777 4015 ductare.
812 3962 984 4028 Declaraut,
1010 3980 1084 4033 quae
1110 3974 1276 4035 sequuntur,

213 4029 298 4080 verba
315 4028 444 4098 perjuriis
460 4029 571 4079 uostris.
605 4028 652 4095 Vp
671 4030 729 4079 Eae
747 4029 812 4080 nul.
834 4049 856 4081 c.
875 4049 916 4080 es.
935 4045 1049 4095 eorum,
1081 4031 1114 4083 Vi
1120 4069 1129 4098 ,
1148 4054 1192 4103 p,
1209 4035 1276 4102 peri.

214 4115 240 4146 n.
259 4114 342 4159 cuge,
360 4092 458 4160 potiti.
