2725 4659
229 253 297 361 {5⁸
418 243 472 313 M.
496 243 540 314 A.
565 241 750 314 PLA'UTI
786 237 1081 314 AULULARIA.

225 428 270 487 At
288 421 751 503 molt0.o0iute.³t21¹t,vid00
770 442 870 500 punc,
891 441 985 504 suppa
1098 483 1100 494 1
1244 444 1287 501 50
1347 417 1348 434 ²

226 505 442 586 Quam7quol
456 524 583 565 necesse
605 517 655 566 est
668 505 775 580 ¹nobis,
798 525 875 578 auto
896 507 1088 586 opulescere.

225 590 465 668 Heu„quantas
487 607 596 666 papsus
622 601 669 648 est
698 607 867 664 aerumpnas
894 588 1009 650 Euclio
1025 655 1041 666 .,

224 673 275 753 Qb
295 672 404 734 aulam
419 670 515 752 paulo
535 685 610 730 ante
630 691 650 730 a
669 690 736 731 sese
757 670 968 750 deperditam!
1216 745 1219 750 Δ

131 817 133 821 ,
224 758 284 822 Eo.
315 756 402 833 Quoi
421 754 550 834 meritas
570 754 707 814 refotam
727 755 853 834 grateo?
875 775 917 815 an
937 755 1008 823 dlis,
1030 753 1088 833 qui
1107 753 1208 816 bonos

223 838 414 918 Respectant
434 836 606 896 homines?
628 838 669 895 an
690 839 813 908 amicis,
833 840 928 897 rectis
951 837 1048 897 viris?
1222 827 1283 918 ‘35
1347 887 1348 894 ,

224 924 277 981 An
297 920 463 1001 utrisque?
485 918 638 996 Utrisque
658 920 763 1000 potius
783 932 816 979 et
836 922 975 999 primum
997 918 1068 990 tibi,

223 1003 396 1081 Lyconide,
418 1003 615 1083 principium
637 1014 670 1060 et
691 1015 800 1062 auctor
818 1005 903 1062 tanti
926 1002 1008 1064 boni.

223 1088 292 1147 Hac
313 1105 373 1167 ego
394 1097 426 1143 te
447 1084 524 1144 aula
544 1088 614 1144 auri
634 1084 789 1145 condono.
825 1085 968 1165 Accipias
995 1082 1115 1143 libens:

222 1171 328 1246 Tuam
348 1167 431 1227 hanc
452 1185 520 1226 asse
535 1166 608 1225 volo
630 1180 663 1226 et
684 1166 788 1225 filiam
807 1186 912 1227 meam
927 1165 1036 1236 simul,

225 1241 393 1312 Piaetente
421 1245 599 1332 Megadoro
622 1261 655 1307 et
675 1268 780 1308 sorore
803 1249 879 1327 ejus,
900 1243 997 1330 prob'a
1063 1245 1068 1282 ἶ
1242 1269 1282 1328 40

221 1333 408 1402 Eunomia..
432 1331 496 1406 Lu.¹
513 1330 554 1405 Et
574 1330 711 1408 habetur
733 1346 766 1392 et
785 1333 921 1393 refertur
942 1332 1053 1414 gratia.

222 1418 269 1479 Ut
288 1418 424 1476 meritus
445 1433 490 1487 es,
513 1433 602 1474 socer
623 1427 790 1492 exoptatus
811 1416 870 1488 mi,
891 1415 1013 1475 Euclio.

222 1504 282 1572 Eu,
304 1498 451 1560 Relatam
470 1496 557 1556 mihi
578 1497 651 1556 satis
671 1497 788 1575 putabo
811 1500 959 1578 gratiam,
1064 1565 1068 1582 .
1234 1562 1238 1566 ,

223 1575 568 1642 Si'do'num'nostrum
590 1591 622 1637 et
642 1598 695 1640 me
716 1581 822 1658 ipsum
842 1583 976 1660 accipias
996 1596 1084 1638 nunc
1104 1576 1223 1640 libens.

162 1711 164 1716 .
221 1668 279 1729 Lu.
301 1664 430 1742 Accipio
451 1675 483 1721 et
505 1659 668 1722 Euclionis
689 1663 759 1722 volo
780 1682 853 1724 mea
874 1666 915 1722 sit
935 1655 1058 1721 domus.
1240 1676 1278 1739 45

222 1748 299 1807 Soa.
320 1746 542 1825 Quodae'st'at,
561 1742 657 1817 here,
678 1759 861 1813 memento:
884 1759 920 1808 ut
941 1743 1024 1804 liber
1038 1763 1127 1804 nunc
1147 1745 1237 1806 siem.

221 1829 284 1896 Lu.
305 1832 405 1891 Recte
416 1828 598 1888 ‘monuistiz
627 1840 693 1886 esto
714 1831 829 1892 merito
849 1828 933 1892 liber
953 1841 1019 1898 tuo,
1286 1821 1289 1828 ⁴

223 1911 251 1971 Ο
273 1911 422 1982 Strobile,
444 1923 476 1969 et
495 1906 657 1969 turbatam
676 1910 742 1984 jam
763 1912 850 1978 intus
872 1928 1005 1971 coenam
1028 1928 1120 1988 para.
1204 1917 1208 1922 ’

166 2027 170 2032 -
222 1994 298 2053 Sia..
320 1995 529 2074 spectatores,
549 2004 698 2050 naturam
718 2012 830 2053 avarus
850 1992 964 2054 Euclio
1068 2001 1070 2006 “

187 2132 189 2137 ,
222 2069 381 2137 Mutavit:
418 2072 563 2133 liberalis
591 2072 824 2137 subito'factus
853 2088 908 2135 est.

221 2158 274 2219 Sic
293 2157 485 2222 liberalitate
508 2155 641 2214 utimini
661 2175 713 2215 vos
740 2177 876 2236 quoque,

221 2241 281 2322 Et,
302 2242 329 2303 oi
348 2233 528 2322 perplacuit
548 2237 666 2311 fabula,
688 2239 774 2301 clare
794 2241 953 2320 plaudite!
