2725 4659
226 227 230 237 ¹
283 293 287 300 ’
378 222 733 364 ’ΜΕΕΕΕΕΕΜΕ
1029 309 1103 384 ..οι

46 468 163 535 Meum
183 463 267 536 dede,
257 488 295 534 m
314 474 426 548 pacato
441 463 566 543 oppido
582 464 651 529 luel
670 465 839 565 der‘ipie'r'
828 488 865 532 m
882 462 1012 543 Via,
1035 523 1041 534 ,
1084 485 1095 533 ὶ

51 554 219 634 Quilibet
239 551 280 611 ed
300 570 354 609 vos
377 547 517 607 venerit!
977 551 998 611 i
1014 501 1061 612 d.

51 631 176 740 Mittite
197 627 325 700 istunc·
353 625 422 698 Mu.
434 627 575 690 Obsecro
593 642 658 783 Εἰς,
659 631 825 711 quisquis,
850 645 987 712 eperum
983 642 1031 692 ut
1050 629 1106 693 des

206 751 209 762 ·
400 753 403 760 ι
535 731 611 774 ma
758 753 762 764 ·
871 727 1004 776 t.t.c.
1085 730 1108 791 5

46 753 128 864 Neu
149 796 286 864 sinesin
306 814 361 857 me
380 763 533 877 insignies
553 789 647 854 fieri
645 806 770 856 tantam
790 757 963 870 injueiem!
1044 732 1085 794 9ο

40 879 139 996 ΜΕΕ.
167 883 239 944 lmo
263 891 295 940 et
311 893 441 957 operam
455 874 548 942 dabo
525 887 595 1018 ΞΕ
607 876 788 1020 ldelendam
808 892 841 939 et
861 877 1039 940 subvenibo.
1058 895 1107 938 se·

393 987 417 1024 ῃ
585 977 606 1017 ιι
619 978 638 1017 0
843 1019 845 1024 .
961 961 1017 1023 i..t

45 1043 243 1140 Nunquam
248 993 282 1111 te
295 1042 404 1136 petias
412 1039 543 1121 perise'
550 1060 605 1110 me
619 1042 723 1139 peaire
733 1055 794 1110 est,
798 1045 940 1121 aequius.
962 1056 987 1104 t.
994 1056 1019 1103 Ε
1030 1061 1070 1106 c.

46 1126 152 1205 Eripe
171 1125 327 1186 oculum
317 1125 381 1193 uti,
397 1122 437 1183 ab
449 1123 588 1218 humeae,
603 1125 659 1203 qui
672 1136 761 1183 tenet
769 1122 908 1195 te,here,
922 1137 955 1185 te
964 1122 1110 1184 obsecro*

44 1210 178 1272 Hisce
173 1227 247 1292 ege
263 1221 328 1283 Jam
354 1218 528 1278 sementem
549 1207 602 1274 in
620 1206 823 1274 arefaciam
845 1217 1037 1288 pugnosque
1055 1206 1111 1272 ub-

526 1306 681 1350 seram.
1048 1308 1110 1365 910

41 1368 214 1436 ,Maxume
245 1342 333 1442 malo
352 1368 486 1433 hercule
508 1369 615 1438 hodie¹
634 1382 741 1433 vostre
764 1369 869 1430 istunc
891 1371 1002 1433 fertis!
1030 1367 1110 1434 Mit-

568 1453 647 1513 tite!
826 1469 871 1515 as
886 1464 910 1516 Ε.
927 1452 986 1515 d.
976 1476 998 1514 1.
1018 1454 1047 1515 d.

49 1534 125 1599 ΜΕ.
148 1535 258 1598 Teneo
280 1523 338 1615 Εξο
353 1531 440 1634 huic
444 1534 588 1603 oculum.
618 1529 704 1598 Mes.
718 1535 802 1595 Face
817 1546 855 1593 ut
871 1536 957 1594 oculi
971 1535 1085 1596 locus
1067 1554 1110 1602 m

526 1617 673 1695 eapite
690 1617 857 1695 adpareat!
939 1631 964 1676 Ε.
982 1630 1004 1679 Ε.
1020 1636 1046 1680 c.

47 1703 116 1763 Vos
129 1700 265 1776 ¹scelesti,
288 1721 342 1760 vos
356 1715 389 1762 ra
430 1718 493 1773 ces,
515 1718 568 1759 vos
584 1696 775 1777 praedones!
803 1698 863 1759 Lo.
884 1700 1053 1783 Periimus,
1096 1719 1099 1724 ·

50 1784 212 1855 Obsecro,
233 1783 359 1843 hercle!
431 1802 473 1842 us.
499 1779 625 1842 Mittite
634 1776 831 1909 erg0!²Me.
822 1769 938 1860 ,Quid
950 1801 1004 1843 me
1021 1781 1110 1843 vobis

566 1863 664 1924 tectio
686 1875 749 1929 est

26 1954 152 2066 'Peete
171 1948 306 2030 pugnis!
335 1944 421 2008 Mes.
447 1946 553 2027 Agite,
577 1945 681 2034 abite,
709 1945 815 2069 'fugite
838 1942 945 2005 hine
935 1964 978 2008 m
989 1948 1111 2012 malam

401 2051 405 2058 ·
569 2045 717 2089 crucem.
1073 2045 1110 2106 15

52 2057 146 2173 Hem
160 2110 223 2171 tibi
238 2111 347 2184 etiam,
362 2111 436 2189 quia
447 2120 624 2189 postremus
642 2108 740 2179 cedis,
754 2108 816 2171 hoc
829 2114 950 2191 praemi
940 2052 1069 2175 feres9!

52 2196 165 2257 Nimis
190 2206 301 2256 eutem
327 2194 410 2255 bene
438 2194 660 2260 commentevi
683 2206 857 2273 ornetque
880 2214 924 2254 ex
946 2213 1018 2255 mea
1039 2214 1111 2258 sen

509 2331 512 2338 .
572 2275 685 2336 tentia.
862 2293 904 2338 as
914 2290 938 2338 t.
948 2275 997 2338 d
988 2298 1009 2339 1
1019 2277 1051 2341 d.

54 2356 192 2439 Edepol,
198 2354 289 2429 here,
303 2356 883 2454 naetibisuppetiastempereadveni
896 2358 1004 2423 modo.
1015 2373 1040 2422 Ε
1049 2372 1113 2426 uc.

56 2441 131 2504 ΜΕ.
148 2442 190 2500 At
198 2440 256 2501 uba
272 2442 304 2501 di
314 2459 449 2516 semper,
465 2440 660 2511 adulescens,
668 2440 809 2520 quisquis
823 2438 995 2511 ee,fac1ant
1005 2441 1111 2514 benet

54 2526 148 2612 Nam
169 2522 286 2645 absque
305 2536 338 2583 te
360 2533 457 2591 esset,
485 2521 580 2583 hodie
599 2542 767 2602 uunquam
787 2522 829 2584 ad
847 2523 948 2585 solem
968 2542 1114 2585 occasum

572 2605 723 2667 viverem.
1051 2626 1113 2685 92⁰

55 2688 144 2753 Mus.
166 2688 253 2769 Ergo
268 2687 389 2768 edepol,
405 2686 532 2750 sirecte
548 2687 653 2762 facias,
670 2686 786 2763 ohere,
795 2708 849 2749 me
862 2687 989 2750 emittas
1003 2708 1112 2752 manu.

54 2771 131 2835 ΜΕ.
153 2770 305 2832 Liberem
326 2791 390 2854 ego
398 2766 453 2835 ΕΕ2
475 2766 557 2831 Mus.
582 2770 721 2832 Verum.
740 2772 1005 2851 quandoquidem,
1024 2772 1114 2848 here,

419 2867 423 2872 ·
573 2866 606 2913 ΕΕ
624 2849 758 2914 servavi.
781 2852 851 2913 ΜΕ.
874 2854 960 2934 Quid
976 2867 1033 2926 est,

55 2934 274 3048 Adulescens?
287 2938 400 2998 ΕΕΕΕΕ.
422 2933 512 3006 ΜΕΕ.
528 2935 637 3016 Quid?
659 2936 751 2996 erro?
772 2932 841 2997 ΜΕ.
855 2936 917 2997 Per
929 2937 1044 2999 Jovem
1060 2938 1114 3000 ad

572 3018 643 3093 juro
661 3031 796 3098 patrem.

55 3103 140 3166 Med
159 3103 276 3164 herum
295 3114 387 3162 tuom
406 3119 474 3162 non
500 3120 578 3161 esse.
605 3097 689 3161 Mus.
711 3099 917 3163 Noutaces?
951 3099 1021 3165 ΜΕ.
1040 3103 1116 3164 Non

571 3186 730 3264 mention

57 3271 133 3336 Nec
151 3286 244 3330 meus
258 3262 359 3328 servos
376 3284 520 3345 unquam
537 3266 602 3327 tale
616 3263 703 3337 fecit,
720 3265 812 3345 quale
829 3279 867 3328 tu
879 3266 971 3330 mihi.
1053 3280 1115 3346 925

58 3350 147 3415 ΜΕΕ.
168 3349 254 3412 Sic
231 3369 299 3411 s1ne
312 3351 443 3431 igitur,
445 3351 472 3409 si
484 3362 574 3423 tuom
594 3368 660 3409 esse
673 3366 770 3431 neges
784 3369 849 3425 me,
863 3350 952 3411 abire
963 3347 1114 3418 liberum.

58 3432 133 3497 ΜΕ.
148 3430 224 3494 Mea
234 3431 364 3514 quidem
372 3417 482 3491 herele
497 3417 681 3492 eausaliber
692 3446 757 3495 esto
766 3444 860 3513 atque
872 3435 930 3503 ito,
944 3450 1007 3511 quo
1017 3427 1115 3490 voles.

54 3515 148 3580 ΜΕΕ.
171 3519 298 3596 Nempe
315 3514 428 3591 jubes?
458 3510 527 3576 ΜΕ.
544 3514 562 3573 J
564 3507 654 3574 ubeo
661 3513 783 3590 hercle,
806 3517 833 3575 si
848 3513 947 3594 quid
938 3512 1053 3589 amperi
1068 3527 1116 3571 est

571 3597 608 3655 in
629 3608 661 3655 te
682 3596 775 3657 mihi.

56 3678 149 3748 Mus.
171 3680 271 3754 Salve,
290 3681 338 3740 mi
351 3690 492 3770 patrone.
520 3677 642 3818 Suppes
658 3698 764 3744 auus.
790 3679 897 3757 Quem
919 3690 957 3740 tu
972 3676 1057 3740 liber'
1073 3697 1116 3751 es,

614 3764 745 3834 essenio,

126 3920 184 3976 905.
199 3909 245 3961 Ita
260 3915 342 3960 vetus
358 3904 419 3961 eod.
437 3907 547 3960 Camer.
569 3907 618 3960 V.:
646 3905 770 3981 quisquis
787 3923 824 3956 es.
882 3920 940 3975 9⁰9
963 3905 1009 3957 Sic
1030 3905 1116 3976 plene

54 3973 123 4031 Pel.
141 3979 190 4029 V.:
210 3978 298 4040 quite
315 3990 395 4028 tenet.
416 3974 529 4028 Oculum
544 3991 602 4026 non
618 3972 761 4041 liquescit.
811 3987 869 4040 9²¹·
894 3977 940 4026 V.:
958 3975 1024 4042 fec,
1041 3976 1115 4038 heve,

55 4050 156 4102 mette
179 4045 275 4106 minus
296 4042 438 4121 expedito.
461 4040 539 4098 Pele
560 4043 624 4112 jae
633 4058 678 4093 ore
696 4054 746 4089 me.
780 4037 818 4090 Et
834 4039 884 4092 hie
900 4050 998 4093 autem
1013 4049 1043 4092 et
1054 4050 1113 4092 vet

56 4109 124 4165 cod.
143 4108 268 4162 Camere
289 4115 405 4175 eminas,
424 4125 482 4163 ιιοιι
499 4109 610 4174 mittas,
614 4091 693 4160 'sicut
708 4104 847 4173 vulgo..
