2725 4659
425 246 724 350 cuacmro.--
1015 284 1088 353 505

41 456 101 520 Fa,
113 451 181 534 Ego
199 450 341 534 quidem,
357 453 413 534 qui
428 452 653 533 etvapulando
667 463 699 515 et
713 466 937 534 somnopereo.
958 458 1018 520 Pn.
1034 457 1105 519 Se.·

551 554 647 616 quere
668 554 732 600 me.

176 788 180 793 ·
233 781 536 875 caprinos.
577 780 892 857 ertrnuru's

40 898 99 963 Co.
111 897 256 980 Migrare
268 912 393 960 certum
408 898 533 974 estjam
547 917 634 960 nunc
648 900 756 965 aiano
768 902 863 974 foras,
878 904 931 964 i.-r.
941 899 1009 974 11‚1
1032 920 1094 964 nso

40 982 179 1063 Quando
199 981 369 1058 Aesculapi
390 981 436 1039 ita
457 982 558 1041 sentio
579 986 784 1060 sententiam,

36 1065 83 1125 Ut
105 1065 161 1144 qui
179 1083 234 1125 me
254 1062 349 1123 nihili
366 1062 462 1123 faciat
476 1082 549 1124 ‚nac
561 1062 687 1124 salvom
709 1065 799 1128 velit.

38 1145 196 1208 Valetudo
217 1146 379 1219 decrescit,
401 1145 553 1206 adcrescit
573 1145 681 1211 labora

38 1231 128 1290 Nam
147 1230 223 1303 jam,
246 1230 335 1308 quasi
355 1247 446 1296 zona,
467 1228 554 1288 liene
575 1230 698 1289 cinctus
718 1230 868 1301 ambulat

38 1312 196 1377 Geminos
215 1312 251 1370 in
271 1322 382 1372 ventre
401 1309 520 1370 habere
540 1309 650 1371 videor
670 1311 765 1376 filios.
931 1362 933 1367 .
1036 1324 1100 1392 225

37 1393 97 1456 Nil
119 1407 243 1466 metuo,
263 1393 337 1462 nisi,
357 1412 398 1450 ne
421 1391 546 1451 medius
567 1392 748 1479 disrumpar
766 1396 887 1456 miser.-

39 1477 96 1538 Pr.
120 1475 155 1536 Si
174 1488 262 1535 recte
283 1474 390 1543 facias,
411 1472 623 1546 Phaedrome,
645 1478 802 1537 auscultes
825 1476 909 1537 mihi

38 1559 144 1637 Atque
164 1559 259 1617 istam
280 1555 430 1616 exturbes
451 1575 499 1615 ex.
514 1557 622 1617 animo
643 1560 892 1640 aegritudinem.

30 1643 149 1712 Paves,
168 1639 327 1719 parasitus
347 1638 421 1719 quia
440 1657 507 1697 non
526 1638 624 1700 rediit
645 1640 762 1700 Caria?

39 1722 177 1784 Adferre
196 1734 368 1803 argentum
388 1721 501 1781 credo:
523 1739 601 1781 nam
621 1724 647 1782 si
666 1743 734 1783 non
752 1723 848 1803 ferat,
1037 1741 1098 1801 230

40 1804 220 1866 Tormenta
241 1821 307 1864 non
327 1804 461 1864 retineri
480 1805 585 1880 potuit
604 1803 720 1876 ferreo,
777 1848 781 1854 -

41 1890 129 1967 Quin
151 1886 290 1964 recipiat
310 1905 342 1945 se
362 1884 426 1944 huc
446 1904 536 1944 esum
557 1886 599 1946 ad
619 1889 798 1967 praesepim
818 1905 919 1949 ruam.
1082 1929 1086 1934 v

43 1973 101 2037 Ca,
124 1969 208 2048 Quis
228 1967 283 2057 liic
304 1980 363 2039 est,
389 1969 443 2045 qui
464 1966 632 2046 loquitur?
664 1972 725 2033 Pa.
745 1969 885 2047 Quoiam
906 1978 1019 2030 vocem
1040 1987 1101 2050 ago

557 2050 677 2110 audio?

44 2133 98 2198 Cr.
119 2134 226 2194 Estne
236 2131 293 2193 hic
305 2129 477 2195 Palinurus
490 2130 705 2193 Phaedromi?
727 2137 785 2196 Pr.
803 2134 870 2213 Qui
883 2132 937 2195 hic
950 2132 1103 2194 esthamo

41 2217 126 2277 Cum
144 2215 310 2276 conlativo
326 2226 436 2273 ventre
450 2227 547 2291 atque
560 2213 662 2274 oculis
678 2213 827 2278 lierbeis?
1042 2230 1103 2292 255

39 2300 90 2361 De
110 2300 222 2360 forma
239 2298 337 2372 novi3
360 2296 399 2355 de
420 2295 527 2357 colore
547 2314 614 2356 non
635 2315 717 2375 queo

40 2384 190 2445 Novisse.
212 2380 352 2439 damiam
373 2379 465 2438 novi:
487 2379 564 2438 leno
584 2391 631 2439 est
646 2378 832 2460 Cappadox.
907 2404 920 2441 s

43 2461 257 2546 Congrediar.
282 2460 339 2524 Ga,
358 2459 472 2530 Salve,
493 2460 656 2522 Palinure.
679 2464 739 2524 Pr.
758 2461 959 2524 Oscelerum
976 2475 1087 2542 caput,

42 2547 183 2607 Salveto.
207 2542 294 2623 Quid
310 2542 398 2624 agis?
431 2541 490 2603 Ca,
511 2541 602 2605 Viuo.
630 2545 689 2608 Pr.
710 2545 849 2624 Nempe,
870 2559 907 2605 ut
927 2545 1043 2626 dignus
1065 2565 1107 2604 es.

44 2628 105 2689 Sed
127 2624 210 2710 quid
232 2625 294 2686 tibi
317 2624 385 2685 est?
426 2622 486 2686 Cr.
508 2624 590 2685 Lien
611 2638 837 2697 necat‚.renes
861 2625 984 2701 dolent,
1047 2644 1109 2706 n4o

46 2712 184 2775 Radices
204 2706 305 2767 cordis
327 2720 474 2786 pereunt,
495 2705 584 2775 hirae
605 2727 715 2771 omnes
736 2709 858 2780 dolent,

45 2796 225 2856 Pulmones
246 2787 478 2858 distrahuntur,
500 2790 662 2851 cruciatur
682 2792 782 2866 jecur.

44 2880 103 2939 Pr.
126 2875 229 2941 Tum.
244 2885 277 2932 te
296 2871 396 2952 igitur
416 2871 550 2936 morbus
570 2875 673 2952 agitat
693 2873 886 2951 hepatarius.

46 2959 107 3025 Ca,
128 2958 219 3021 Lien
237 2954 424 3023 dierectuat.
467 2955 526 3016 Pr.
548 2954 706 3017 Ambula:
728 2956 762 3017 id
775 2957 855 3017 lieni
868 2967 1038 3036 optumum
1054 2968 1112 3018 est.

47 3042 106 3103 Cr.
121 3038 288 3103 Facilcett
296 3038 450 3099 mnarum
461 3035 613 3100 inridere.
627 3038 688 3102 Pr.
698 3037 958 3119 Quintnaliquot
965 3039 1035 3100 dies
1053 3054 1114 3117 245

45 3123 216 3190 Perdura,
238 3122 315 3182 dum
339 3118 487 3179 intestina
511 3131 725 3198 exputescunt
743 3122 813 3191 vtibi

46 3208 160 3280 Nunc,
184 3203 260 3262 dum
284 3202 401 3262 salsura
422 3213 468 3259 sat
489 3201 571 3262 bona
586 3215 643 3265 eat.
678 3202 714 3265 Si
733 3203 766 3263 id
785 3201 918 3264 feceris:

44 3290 168 3349 Venire
191 3285 309 3366 poteris
328 3283 492 3354 intestinis
513 3284 618 3344 vilius.
691 3306 693 3311 ‘

48 3371 109 3433 Cr.
134 3368 250 3438 Aufer,
272 3385 397 3447 quaeso,
419 3366 479 3424 ista
494 3377 589 3444 atque
606 3366 668 3426 hoc
685 3367 853 3449 responde,
875 3365 959 3450 quod
979 3382 1068 3445 rogo.

47 3453 162 3516 Potin'
184 3449 401 3523 conjecturam
421 3447 539 3520 heare,
561 3449 587 3508 si
608 3467 735 3509 narrem
758 3451 829 3522 tibi,
1057 3460 1117 3522 250
1203 3459 1205 3461 ’

46 3535 120 3596 Hac
142 3545 241 3609 nocte
261 3531 346 3609 quod
367 3548 427 3610 ego
449 3532 605 3593 somniavi
626 3531 811 3596 dormiens?

45 3622 108 3682 Pr.
132 3613 218 3686 Vah,
240 3613 324 3674 solus
344 3612 399 3672 hic
418 3611 522 3672 homo'
538 3612 596 3683 es't,
620 3617 674 3695 qui
696 3618 772 3674 sciat
794 3613 958 3675 divinitus.

49 3700 147 3780 Quin
170 3696 364 3771 conjectores
385 3709 404 3754 a
424 3715 479 3755 me
502 3693 677 3763 consilium
697 3710 835 3777 petuntt

48 3782 153 3863 Quod
175 3782 220 3840 eis
240 3776 399 3858 respondi5
421 3795 459 3836 ea
479 3795 589 3838 ornnes
611 3792 695 3838 stant
717 3780 887 3840 sententia.

118 3968 291 4021 241···¹'249·
319 3949 375 4005 vul
397 3967 423 4030 ο.
437 3949 491 4030 hcc
515 3916 616 4030 ordine
642 3950 796 4031 legunturt
819 3926 1123 4030 242‚o·41·,r43,‘245'‚

45 4024 280 4092 abactam.
316 4034 374 4086 249.
414 4017 1124 4104 ¹l³1¹”limemdiffluit?stultitia&ttff‘t‘e

468 4113 742 4134 num-*-

755 4201 906 4251 '20
