2725 4659
458 254 719 371 concutio,
976 281 978 284 ⁴
1038 278 1122 349 -517

78 416 159 494 Male
178 430 283 513 loqui,
303 434 466 516 profecto,
486 434 563 514 quoi
583 454 640 515 ego
660 435 724 494 nisi
743 436 932 498 malum'nil
949 432 1071 511 debeo!

79 515 134 578 Tu.
151 512 268 577 Mihin’
289 518 416 579 malum
435 518 608 578 minitare?
638 516 696 578 Cu.
713 520 816 598 Atque
843 520 958 600 edepol
976 539 1042 579 non
1061 519 1121 579 mi·

583 599 728 671 nimbos,
750 601 908 674 seddabo,
997 602 1021 659 i.
1035 615 1078 661 n.
1102 661 1105 665 J

77 679 317 743 Mihimolestus
325 683 423 743 siesse
431 680 560 763 perges!
575 681 637 743 Tu.
647 683 1013 753 Lenominitaturmihi,
1030 698 1053 745 t.
1061 696 1084 743 t.
1092 700 1119 746 c.

76 762 226 843 Meaeque
240 784 367 847 pugnae
382 766 550 846 proeliares
566 764 725 845 plurimae
739 767 875 825 obtritae
896 766 1023 838 iacent?

74 847 117 906 At
134 847 178 906 its
204 866 260 906 me
278 846 447 911 machaera
473 861 518 908 et·
526 847 661 928 clypeus·
685 847 766 908 bene
787 847 901 922 jurent
921 863 1123 928 pugnantem

578 931 616 989 in
638 930 716 1005 acie,
962 946 1021 992 t.t.
1062 942 1124 1005 575

73 1010 145 1071 Nisi
162 1009 246 1070 mihi
263 1013 350 1093 virgo
370 1012 531 1076 redditur:
948 1025 972 1074 t.
990 1013 1019 1071 d.
1033 1033 1061 1072 c,

72 1093 93 1153 J
97 1112 147 1153 am
157 1112 215 1173 ego
225 1105 255 1152 te
262 1094 380 1157 faciam
386 1109 422 1155 ut
429 1095 482 1154 hic
489 1094 643 1167 formicae¹
649 1093 853 1157 frustillatim
862 1094 1030 1156 differant!
1043 1108 1122 1173 tte.

74 1176 131 1238 Cr.
151 1177 192 1235 At
217 1176 263 1235 ita
291 1194 345 1237 me
372 1176 533 1249 volsellae,
553 1190 681 1257 pecten,
704 1177 883 1257 speculum,
907 1177 1140 1255 calamistrum!

465 1308 472 1328 .
580 1281 695 1322 meum
746 1328 748 1333 ¹

68 1339 157 1400 Bene
177 1339 327 1399 amassint
348 1357 484 1418 meaque
503 1344 606 1404 anicia
626 1344 829 1423 linteumque
849 1342 1002 1411 extersui,

70 1419 118 1481 Ut
143 1439 201 1503 ego
227 1433 284 1483 tua
312 1422 485 1503 magnifica
521 1425 617 1486 verba
645 1445 750 1504 neque
783 1428 860 1486 istas
891 1437 963 1485 tuas
991 1442 1123 1504 magnas

579 1508 684 1568 minas
1062 1518 1123 1581 580

70 1585 175 1645 Pluris
186 1585 453 1665 nonfacio,quam
463 1589 616 1649 ancillam
630 1609 751 1658 meam,
768 1608 848 1668 quae
863 1586 1015 1648 latrinam
1029 1587 1122 1647 lavat.

68 1670 140 1749 Ego
159 1664 416 1746 illamreddidi,
445 1672 501 1750 qui
521 1684 693 1754 argentum
723 1691 742 1730 a
762 1685 796 1731 te
817 1671 937 1735 attulit.
960 1670 1020 1729 Tu.
1043 1672 1123 1755 Quis

577 1756 604 1813 is
619 1767 667 1813 est
686 1753 807 1813 homo?
999 1756 1021 1814 i.
1038 1766 1062 1814 t.

69 1832 130 1893 Cu.
139 1830 243 1891 Tuom
251 1830 479 1897 libertumsese
488 1833 587 1908 ajebat
596 1855 661 1894 esse
675 1834 901 1895 Summanum.
910 1831 974 1894 ΤΗ.
982 1834 1097 1895 Meum
1109 1836 1122 1893 ‚³

69 1912 170 1985 Attat,
186 1913 337 1974 Curculio
352 1915 460 1977 hercle
473 1917 566 1977 verba
574 1916 656 1977 mihi
665 1917 764 1989 dedit,
776 1937 873 1996 quom
886 1920 1006 1995 cogito:
1027 1931 1051 1977 t.
1059 1932 1083 1979 t.
1092 1937 1122 1979 c.

69 1992 104 2054 Is
113 1993 335 2056 mihianulum
345 1998 515 2077 subripuit.
537 2001 595 2059 Cu.
610 1999 815 2059 Perdidistin’
832 2012 869 2057 tu
884 1999 1044 2057 anulum?
1061 1994 1122 2075 585

69 2073 178 2146 Miles,
198 2079 310 2158 pulcre
326 2082 520 2154 centuriatus
537 2102 569 2140 es
585 2095 745 2162 expuncto
757 2082 793 2141 in
810 2081 990 2158 manipulo!

67 2159 132 2220 Tu.
153 2158 217 2220 Ubi
230 2177 317 2220 nunc
331 2162 561 2224 Curculionem
575 2165 759 2225 inveniam?
782 2162 841 2223 Cr.
858 2162 898 2223 ln
910 2167 1014 2224 tritico
1030 2165 1121 2224 facil-

161 2292 164 2297 ·
240 2290 242 2293 ψ
583 2248 672 2307 lume
905 2246 907 2249 ’

66 2322 131 2384 Vel
152 2325 339 2406 quingentos
362 2327 561 2390 curculiones
580 2351 638 2408 pro
659 2348 725 2389 uno
744 2329 822 2388 faxo
841 2329 991 2407 reperies.

66 2407 140 2488 Ego
154 2407 240 2470 abeo.
253 2410 329 2469 Vale
345 2423 440 2488 atque
454 2409 546 2473 salve.
565 2412 628 2473 Tu.
643 2411 733 2471 Male
747 2409 832 2471 vale!
847 2411 932 2489 male
951 2413 992 2470 sit
1000 2410 1058 2470 tibi
1068 2413 1125 2468 ἔ·-

69 2488 161 2568 Quid
182 2509 239 2572 ego
259 2490 399 2553 faciam?
419 2511 569 2556 maneam
587 2514 630 2554 an
645 2495 775 2563 abeam?
798 2490 921 2553 Siccine
942 2495 989 2553 mi
1007 2513 1039 2554 os
1059 2514 1124 2556 esse

255 2642 258 2649 ,
386 2590 388 2595 ’
585 2577 749 2638 oblitum?
1064 2597 1124 2655 ,9ο

65 2653 176 2732 Cupio
190 2655 264 2719 aare
278 2658 471 2731 mercedem,
481 2660 536 2740 qui
542 2660 658 2735 illunc,
668 2659 724 2720 ubi
731 2660 784 2733 sit,
792 2671 1007 2720 conmonstret
1022 2595 1121 2720 miiri!

430 2812 433 2819 s
458 2807 724 2825 Μ

307 2935 882 3002 ὈΠΡιΌΠΕΙ,0.

61 3052 248 3132 Antiquom
265 3053 372 3114 audivi
385 3055 514 3130 podtam
531 3052 689 3131 scripsisse
705 3055 740 3112 in
755 3053 934 3134 tragoedia:
949 3067 973 3119 t.
981 3069 1005 3118 t.
1015 3077 1040 3118 c.
1051 3059 1087 3130 V,
1098 3077 1122 3118 t.

62 3135 230 3197 Mulieres
244 3135 322 3196 duas
336 3135 458 3216 pejores
472 3157 548 3206 esse,
566 3155 662 3215 quam
683 3154 794 3196 unam.
817 3134 880 3196 Res
894 3138 937 3197 ita
952 3153 1023 3217 est3

60 3221 190 3279 Verum
198 3220 372 3279 mulierem
383 3219 434 3299 pej
444 3239 542 3288 orem,
553 3238 648 3297 quam
657 3218 734 3276 haec
752 3218 854 3295 amica
867 3233 914 3279 est
922 3221 1125 3292 Phaedromi,

55 3302 147 3364 Non
163 3301 232 3361 vidi
246 3320 351 3380 neque
364 3302 461 3372 audii,
482 3320 586 3380 neque
604 3302 656 3385 pol
672 3300 737 3359 dici
751 3310 819 3373 ,nec'
830 3300 913 3382 fingi
928 3316 1032 3383 potest
1063 3320 1126 3381 595

56 3382 172 3460 Pejor,
195 3403 292 3463 quam
312 3383 392 3444 haec
413 3383 487 3445 estz'
505 3404 585 3463 quae
607 3385 663 3447 ubi
684 3404 736 3443 me
756 3382 875 3445 habere
896 3385 984 3445 hunc
1005 3388 1126 3466 conspi7

585 3481 655 3528 eata
674 3478 722 3527 est
743 3467 888 3537 anulum,
966 3477 970 3487 '
1031 3486 1034 3491 ·

56 3548 187 3630 Rogat,
201 3551 286 3611 unde
302 3547 451 3615 habeam.
467 3579 507 3594 -
525 3550 612 3632 Quid
633 3564 669 3611 tu
681 3549 717 3609 id
731 3551 856 3628 quaeris
867 3551 931 3607 9-
947 3549 1032 3626 Quia
1045 3548 1127 3612 mihi

584 3637 726 3716 quaesito
747 3644 795 3691 est
816 3649 903 3710 opus.
926 3658 968 3668 ·-

134 3801 197 3856 575.
215 3785 262 3840 Sic
274 3766 472 3868 petteddvir
488 3793 588 3909 pergis:
610 3754 917 3884 5p934Frustralibri:⁴
930 3758 1124 3870 liene‘msamr

51 3856 227 3977 fflzfftft
241 3854 1127 3989 2¹tllllr.1’“12¹ttf·sslf⁰2ll¹¹lllttt‘tllatmgtfat}

49 3985 230 4051 Helmstad.
247 3996 276 4040 et
288 3988 404 4049 Mense.
420 3992 468 4042 V.:
487 3995 616 4059 reperias.
663 4003 722 4059 595.
747 3989 825 4042 audit
846 3988 1078 4064 conussaheudum
1093 3992 1126 4051 in

47 4054 226 4127 δισσύλλαβον
252 4063 299 4116 V·t
316 4064 418 4116 audivi·
472 4104 475 4109 -
605 4080 613 4109 ¹.
678 4104 681 4109 >
755 4104 779 4112 ,.
830 4106 833 4111 .
960 4106 964 4112 .
1084 4086 1120 4116 ..t
