2725 4659
437 300 440 306 -
483 263 721 335 Asturius.
991 301 993 306 ,
1084 294 1133 364 ,ς

66 444 123 505 Lr.
145 442 210 502 Vae
231 441 313 503 tibi!
355 442 414 504 Lr.
435 439 506 502 Hoc
526 456 719 506 testamento
739 442 878 507 Servitus
899 445 990 530 legat·
1008 447 1077 509 tibi.
1123 451 1128 456 '

65 522 121 590 L1.
143 524 466 586 Verbivelitationem
486 523 559 587 steri
580 528 750 607 compendi
769 530 852 591 volo.

68 606 157 686 Quid
170 610 252 669 istuc
268 613 316 666 ert
333 607 468 689 negoti?
508 607 567 669 Le.
591 608 725 671 Certum
740 624 787 673 est
803 611 954 672 credere?
995 612 1048 675 Lr.
1063 618 1128 675 Au·

584 691 693 752 dacter
714 694 799 755 licet.
882 697 950 757 it.
1065 713 1127 776 290

63 771 124 833 Le.
147 770 195 832 Sis
216 776 340 836 amanti
361 773 530 834 subvenire
550 774 704 834 familiari
725 776 811 835 filio:
923 789 947 836 t.
969 789 991 836 t.
1015 799 1042 839 c.

64 852 212 915 Tantum
232 856 321 915 adest
345 855 421 916 boni
440 858 622 935 inproviso,
646 877 761 918 verum
783 860 978 920 conmistum
999 860 1095 934 malm

62 935 188 997 Omnes
216 936 255 996 de
277 940 365 1000 nobie
385 938 585 999 carnuficum
605 939 920 1000 concelebrabuntur
940 940 1015 1003 dies.

61 1019 210 1086 Libane,
232 1033 319 1080 nunc
341 1018 472 1081 audacia
492 1033 583 1081 usust
603 1022 695 1081 nobis
714 1024 897 1083 inventa'et
918 1022 1015 1084 dolis:

59 1102 210 1162 Tantum
224 1102 346 1162 facinus
360 1103 457 1163 modo
474 1119 534 1186 ego
548 1105 672 1174 inveni,
689 1119 725 1164 ut
739 1125 796 1164 nos
813 1105 957 1164 dicamur
974 1104 1038 1164 duo
1065 1125 1127 1188 295

60 1184 226 1243 Omnium
246 1185 437 1267 dignissumi
457 1191 545 1256 esse,
565 1204 626 1264 quo
647 1188 808 1247 cruciatus
829 1188 1004 1250 confluant.

58 1268 115 1327 L1.
138 1265 223 1344 Ergo
243 1268 397 1338 mirabar,
428 1268 511 1349 quod
534 1268 659 1329 dudum
681 1270 828 1347 scapulae
848 1269 1010 1351 gestibant
1030 1271 1125 1342 mihi,

58 1348 225 1409 Hariolari
246 1363 327 1429 quae
354 1361 582 1428 occoeperunt‚
612 1372 679 1411 esse
707 1351 767 1411 sibi
788 1354 823 1411 in
845 1354 966 1413 mundo
988 1353 1123 1417 malum.

60 1430 229 1510 Quidquid
255 1444 323 1504 est,
363 1432 522 1510 eloquere.
578 1427 636 1495 Le.
672 1430 796 1512 Magna
827 1447 874 1494 est
901 1435 1022 1513 praede
1049 1435 1125 1498 cunt

465 1522 477 1538 ”
577 1531 696 1599 magno
717 1516 815 1581 malo.
862 1559 864 1562 ψ
1111 1519 1121 1565 .'

59 1598 112 1675 ξι.
128 1595 308 1675 Siquidem
323 1615 436 1658 omnes
450 1599 607 1674 conjurati
625 1601 840 1660 cruciamenta
854 1599 1040 1659 conferant:
1062 1615 1123 1676 500

58 1677 192 1752 Habeo,
214 1683 348 1762 opinor,
368 1680 564 1742 'familiarem
584 1693 735 1763 tergum,
758 1700 800 1741 ne
821 1700 971 1761 quaeram
993 1684 1078 1744 foris.

57 1761 118 1821 Lu.
140 1761 173 1821 Si
194 1764 295 1823 istanc
315 1764 416 1823 animi
437 1762 673 1824 firmitudinem
696 1766 840 1835 obtines,
863 1764 942 1825 salvi
963 1763 1089 1830 sumus!

58 1846 112 1906 L1.
135 1844 237 1923 Quin‚·
249 1848 275 1905 ei
286 1857 377 1927 tergo
393 1866 442 1906 rer
456 1845 606 1906 solvenda
626 1859 685 1917 est,
699 1866 807 1926 rapere
822 1850 916 1927 cupio
931 1846 1119 1929 publicum:

55 1925 243 2007 Pernegabo
263 1947 300 1987 ac
320 1928 514 2008 perdurabo,
535 1928 705 2010 periurabo
727 1929 874 2008 denique.

57 2008 118 2073 Lu.
138 2009 246 2082 Hem,
267 2011 327 2070 ista
348 2011 450 2070 virtus
470 2023 533 2083 est,
556 2010 689 2089 quando·
704 2024 814 2081 usust,
837 2011 892 2092 qui
911 2010 1036 2073 malum
1057 2010 1120 2072 fert

569 2091 715 2156 fortiter!
1058 2109 1120 2171 305

57 2175 201 2237 Fortiter
220 2175 346 2236 malurn
368 2177 422 2255 qui
443 2177 583 2254 patitur,
604 2174 693 2235 idem
715 2188 786 2255 post
806 2176 929 2253 patitur
948 2176 1096 2239 bonurn.v

55 2255 114 2321 Lr.
144 2256 232 2333 Quin
253 2269 398 2318 actutum
427 2278 498 2317 rem
525 2256 712 2318 edissenae?
754 2257 857 2334 Cupio
885 2255 1011 2317 malum
1041 2276 1120 2319 narr·

572 2341 694 2402 cisoier.
800 2357 843 2401 as.
866 2351 888 2400 t.
912 2337 942 2395 d'.
963 2341 983 2398 i.
1006 2338 1035 2403 d.

54 2419 114 2482 Lu.
135 2421 264 2484 Placide
284 2440 360 2502 ergo
387 2421 650 2502 unumquidquid
671 2422 812 2501 erogitat
840 2431 877 2479 ut
898 2421 1117 2504 adquiescant:

573 2521 638 2564 non
659 2503 757 2575 vides,
1123 2505 1125 2509 ’

54 2585 115 2647 Me
136 2607 178 2648 ex
205 2606 334 2649 cursura
354 2586 539 2649 anhelitum
561 2589 665 2667 etiam
687 2586 828 2647 ducere?
870 2584 921 2648 L1.
950 2586 1022 2667 Age
1049 2606 1118 2669 age,
1147 2647 1149 2650 .

571 2689 724 2732 mansero*
914 2683 938 2728 t.
960 2682 983 2728 t.
1007 2687 1033 2730 c.

53 2753 128 2815 Tuo
150 2754 323 2825 arbitratu,
352 2752 402 2813 vel
423 2752 501 2814 adeo
522 2771 623 2834 usque
651 2751 731 2811 dum
759 2755 852 2831 peris.
895 2753 953 2814 Lu.
976 2751 1119 2812 Ubinam

73 2834 79 2838 ’
571 2848 620 2895 est
639 2834 762 2893 herus?
904 2833 930 2894 i.
948 2846 971 2891 t.
1055 2837 1116 2910 516

50 2922 107 2983 Lr.
130 2917 236 2992 Major
257 2917 342 2998 apud
355 2917 464 2977 forum
485 2929 543 2988 est,
563 2920 670 2978 minor
691 2916 746 2976 hio
759 2923 813 2977 ‘est
827 2919 922 2978 intus.
966 2911 1024 2977 Lu.
1045 2918 1118 2977 lam
1210 2995 1213 3000 ,

571 3002 643 3060 satis
664 3012 711 3068 est
732 3000 822 3061 mihi.
906 3013 930 3059 t.
957 3013 984 3061 t.
1004 3020 1031 3059 c.

51 3084 108 3146 Lr.
132 3082 218 3143 Turn
238 3084 338 3164 igitur
351 3096 389 3143 tu
411 3083 546 3144 eudives
560 3083 686 3143 fectus?
728 3085 786 3146 Lr..
811 3080 906 3143 Mitte
919 3081 1115 3144 ridicularia.

49 3169 105 3228 Lr.
121 3159 239 3226 Mitto:
260 3169 354 3233 istuc,
370 3166 454 3244 quod
469 3165 584 3236 adfers,
599 3183 690 3226 aures
708 3179 1008 3243 exspectantmeae.
1038 3168 1060 3227 i.
1071 3170 1112 3224 s.‘

48 3251 113 3312 Lu.
137 3250 292 3312 Animum
314 3249 467 3332 advertes
489 3260 524 3308 ut
551 3267 651 3328 aeque
681 3266 812 3307 mecum
841 3248 921 3309 haec
948 3249 1035 3309 scias.

681 3329 734 3391 Lr.
760 3331 874 3393 Taceo.
957 3344 1023 3394 ts.
1046 3348 1075 3392 c.

872 3415 878 3430 ’
935 3412 994 3475 Lu.
1024 3412 1115 3471 Beas,

49 3496 280 3569 Meministin'‚
303 3499 406 3557 esinos
426 3497 593 3557 Arcadicos
615 3494 787 3558 mercatori
809 3498 946 3558 vendere
1056 3510 1116 3569 515

48 3581 545 3645 Pellaeoatsiensemnostrum?
567 3581 619 3643 Lr.
634 3579 787 3643 Memini.
806 3580 976 3664 QuidOtum
986 3577 1116 3655 postea?

118 3803 177 3855 23.
210 3793 325 3862 Verbis„
343 3802 507 3865 asyouaxtas.
541 3797 585 3847 Ita
603 3796 714 3849 Meurs.
730 3796 781 3854 Vm
812 3793 905 3845 Verbis
922 3790 1118 3844 velitationem.

46 3881 149 3991 ttius.
166 3869 1046 4050 eput'.1¹tt.tt...⁶t13·...trtittttsrwrtgfs2³⁰5:
1065 3865 1119 3983 ts

47 4015 106 4054 oct.
128 4001 281 4054 edisseris?
300 4001 427 4074 Langg.:
448 4006 594 4055 edisseras.
629 4002 762 4056 Correxit
779 3997 860 4052 Guil.
898 3997 1024 4051 'f.N0n.
1058 4008 1116 4066 503.
1155 4041 1165 4058 ,

45 4071 96 4120 V.:
119 4065 329 4136 unumquidque'
341 4072 475 4136 detegite.
495 4069 621 4138 Langg.t
640 4071 754 4135 erogita.
786 4067 833 4142 Cf.
853 4065 1023 4144 Capt.87931
