2725 4659
218 293 294 380 roo
561 278 619 355 M-
658 279 703 351 A.
742 273 928 349 PLAUTI

218 460 307 541 Quoi
326 394 396 542 ego
423 454 491 537 iam
507 458 657 543 lingum
671 457 856 604 Ρτιοοὼιέιειιῖι
873 407 972 541 atque
992 460 1102 524 oculos
1124 460 1296 532 ecfodiam

218 625 289 690 Mu.
312 623 401 704 Quid
421 638 459 688 tu
475 626 686 689 aolustecum
700 624 853 703 loquere?
883 627 943 690 Eu.
966 622 1081 689 Meam
1094 632 1291 709 pauperiem

221 737 226 743 ·
734 726 796 767 con
818 726 932 774 uerort

216 791 386 873 Virginem
401 789 502 853 habeo
518 791 689 871 grandem,
709 789 786 851 dote
797 727 928 852 qcassum
945 805 1041 870 atque
1057 792 1287 868 inlocabilent3

218 876 333 953 Neque
354 887 426 934 eum
455 893 518 954 quo
538 874 645 935 locare
666 871 896 952 quoiquam...
931 873 1001 935 Mt.
1029 873 1135 945 Tace3
1161 877 1287 939 bonum

734 955 814 1015 habe
836 958 995 1029 animum,
1014 955 1151 1019 Euclio:

214 1039 375 1101 Dabiturs
384 1038 580 1115 adiuvabere
594 1055 614 1097 e
627 1056 690 1099 me,
713 1036 787 1111 Dic,
801 1037 829 1097 si
844 1037 923 1116 quid
933 1051 1046 1118 opust3
1063 1040 1199 1120 impera.
1226 1060 1285 1120 150

162 1129 166 1140 ’
214 1120 274 1183 En.
289 1124 386 1184 Nunc
401 1122 495 1201 petit,
509 1139 609 1198 quom
623 1119 813 1198 polliceturt
827 1119 935 1182 inhiet
949 1141 1076 1191 aurum,
1084 1137 1121 1183 ut
1129 1123 1283 1198 devorem

213 1205 325 1267 Altera
342 1222 449 1265 manu
463 1203 530 1264 fert
549 1202 711 1284 lapidem,
741 1221 859 1281 panem
881 1215 1020 1264 ostentat
1046 1204 1160 1268 altere.

214 1287 351 1351 Nemini
371 1285 486 1356 credo,
508 1288 565 1363 qui
587 1285 676 1366 large
698 1284 850 1346 blandust
871 1285 957 1345 dives
979 1290 1131 1368 pauperi:

214 1368 281 1430 Ubi
301 1387 440 1430 manum
458 1367 562 1442 injicit
582 1367 743 1447 benigne,
760 1368 810 1429 ibi
831 1380 941 1429 onerat
967 1370 1109 1448 aliquam
1130 1375 1280 1438 zamiam.

212 1450 284 1533 Ego
310 1452 389 1524 istos
420 1451 500 1511 nori
526 1449 677 1532 polypos,
712 1453 769 1529 qui
794 1450 853 1511 ubi
869 1493 873 1500 -
889 1449 967 1530 quid
1000 1449 1198 1535 tetigerunt,
1233 1470 1282 1518 te·

729 1545 821 1595 nent.
1076 1539 1098 1598 i.
1107 1549 1132 1599 t.
1220 1560 1234 1600 1

214 1614 286 1679 Ma.
315 1615 368 1676 Da
393 1615 442 1677 mi
467 1632 598 1695 operam
621 1616 959 1756 parumperthaucis,
982 1615 1108 1692 Euclio,
1122 1632 1176 1680 est
1196 1555 1283 1699 quii

252 1699 257 1710 '
289 1747 293 1756 ,
729 1711 763 1757 te
787 1717 827 1757 vo
841 1717 861 1757 o
1107 1715 1132 1761 t.
1144 1715 1170 1764 t.
1186 1724 1215 1766 c.

211 1783 264 1845 De
284 1781 453 1842 communi
462 1800 497 1842 re
505 1779 666 1859 adpellare
674 1799 749 1840 mea
758 1792 791 1839 et
800 1794 864 1842 tua.
891 1783 954 1845 Eu,
970 1781 1034 1842 Hei
1048 1779 1279 1853 miseromihi!

210 1868 338 1944 Aurum
358 1865 407 1925 mi
428 1867 516 1926 intua
538 1863 754 1945 harpagatum
766 1877 838 1959 est:
852 1884 942 1925 nunc
958 1864 1014 1926 hic
1029 1882 1101 1926 eam
1115 1885 1188 1931 tem
1196 1870 1278 1943 volt,

730 1964 806 2018 acro,

211 2029 348 2091 Mecum
366 2029 455 2090 edire
477 2026 517 2087 ad
541 2027 741 2107 pactionem:
763 2049 880 2091 verum
901 2033 1088 2094 intervisam
1108 2035 1255 2099 domum.
1357 2025 1358 2050 ¹

210 2113 281 2177 Me.
312 2113 385 2192 Quo
406 2111 496 2174 abis?
531 2110 595 2186 Eu,
618 2110 759 2184 Jamjum
773 2111 814 2172 ad
828 2125 861 2173 te
876 2128 1034 2180 revortar:
1055 2136 1198 2198 namque
1219 2130 1278 2190 est,

730 2193 815 2273 quod
834 2197 944 2256 visam·
958 2189 1102 2263 donrum‘.
1221 2205 1280 2265 160

210 2280 284 2350 Mu:
305 2277 408 2342 Credo
429 2274 553 2356 edepol,
574 2273 636 2336 ubi·
652 2279 938 2359 mentionemego
957 2281 1067 2356 fecem
1087 2282 1128 2343 de
1147 2281 1231 2358 fitia,

208 2362 263 2438 Mi
282 2376 318 2422 ut
340 2357 544 2440 despondeat,
566 2376 631 2416 sese
653 2377 672 2416 a
693 2379 747 2420 me
768 2359 907 2421 derideri
928 2364 1069 2435 rebitur3

209 2449 326 2525 Neque
337 2442 397 2503 illo
406 2443 574 2522 quisquam
581 2451 628 2499 est
635 2440 715 2500 alter
723 2440 869 2504 hodieex
876 2453 1065 2526 paupertate
1071 2453 1206 2526 parcior.
1221 2452 1280 2513 it.

209 2531 273 2600 Eu.
300 2527 345 2586 Di
355 2545 417 2586 me.
427 2534 570 2586 cervant:
593 2522 740 2586 advoces
753 2526 818 2618 est!
841 2525 965 2589 salvom
981 2539 1041 2602 ett,
1067 2534 1095 2591 si
1117 2532 1281 2610 quianon

726 2620 821 2686 perat.
1097 2627 1122 2675 t.
1132 2627 1156 2675 t.
1166 2634 1192 2673 c.

207 2691 318 2753 Nimis
344 2688 431 2749 male
457 2688 572 2758 timui,
607 2685 798 2827 priusqtpanp'
825 2691 912 2754 intro
941 2694 1042 2755 redii!
1071 2700 1281 2761 exanimatus

353 2789 357 2796 ’
743 2772 792 2834 ni·
812 2807 855 2824 '¹¹¹'
926 2799 931 2804 ’
1047 2803 1049 2807 '
1219 2785 1258 2843 16

108 2891 112 2904 ·
209 2852 618 2932 Redeoadte,Megadore,
636 2853 751 2927 siquid
765 2874 819 2918 me
838 2860 893 2920 vis.
915 2857 987 2923 Me.
996 2859 1108 2922 Habeo
1146 2800 1280 2927 tatiani

210 2940 356 3016 Quaeso,
379 2934 463 3015 quod
478 2947 511 2995 te
527 2936 750 3014 percontabor,
772 2955 815 3008 ne
836 2940 871 2998 id
893 2953 927 3000 te
947 2944 1057 3024 pigeat
1073 2884 1236 3026 proloqui.
1355 2957 1356 3004 ξ

208 3020 269 3085 Eu.
291 3019 381 3080 Dum
403 3018 535 3096 quidem
556 3037 598 3080 ne
620 3019 698 3096 quid
718 3024 925 3096 perconteris,
943 3026 1029 3103 quod
1045 3028 1129 3088 mihi
1141 3029 1280 3090 non-lu·
1355 3007 1356 3102 l

395 3099 401 3108 ’
481 3143 484 3150 .
727 3101 799 3161 beat
819 3104 978 3184 proloqui.
1062 3128 1104 3171 as.
1115 3124 1139 3170 t.
1150 3110 1212 3171 di.
1225 3111 1259 3175 d.

208 3186 277 3251 Mu.
303 3186 368 3250 Dic
384 3182 484 3250 mihi:
504 3182 594 3261 quali
616 3203 670 3244 me
689 3183 990 3330 arbitrarisEgenpre
1012 3194 1237 3272 prognatum?

594 3329 598 3334 ,
882 3290 912 3348 p.
965 3292 1038 3336 ono.
1080 3288 1105 3333 t.
1120 3288 1145 3334 t.
1163 3295 1191 3336 c.

205 3351 278 3428 Ma.
301 3350 388 3430 Quid
401 3348 491 3411 fide?
529 3348 590 3410 Eu.
610 3349 708 3411 Bona.
745 3349 814 3415 Mu.
833 3350 921 3429 Quid
933 3354 1049 3415 iactis?
1077 3354 1139 3416 lin.
1160 3360 1278 3439 Neque

209 3489 214 3496 ,
687 3449 689 3452 ·
724 3433 830 3506 malis,
853 3454 960 3514 neque
973 3438 1130 3515 inprobis.
1202 3461 1277 3519 eqo

207 3517 276 3585 Me.
300 3518 367 3580 Scis
381 3535 490 3582 meam
510 3515 673 3580 aetatem?
705 3514 767 3578 En.
782 3515 864 3586 Scio,
884 3536 952 3577 esse
968 3520 1136 3602 grandem,
1157 3522 1278 3588 itidem

724 3610 761 3657 ut
781 3602 961 3678 pecuniam.
1012 3649 1015 3658 s
1117 3629 1132 3662 μ
1217 3657 1222 3664 .

232 3769 236 3778 ’
273 3791 330 3847 149.
347 3772 554 3847 interpellatus
573 3769 677 3825 Euclio
694 3773 751 3826 hoe
768 3773 813 3826 vel
830 3773 928 3830 simile
944 3776 1017 3854 quid
1032 3776 1186 3838 additum,
1197 3792 1275 3836 erat,

203 3847 233 3897 iu
252 3847 347 3897 durum
365 3857 405 3894 est
426 3842 497 3894 mihi
513 3840 643 3908 pauperi,
668 3844 716 3910 qni
738 3843 784 3891 vix
807 3859 849 3893 ma
866 3843 954 3895 solum
971 3849 1128 3897 sustentent.
1151 3847 1225 3915 Quo,
1242 3861 1277 3904 ut

202 3935 263 3985 443,
282 3928 342 3982 445,
360 3924 414 3968 eic·
449 3913 533 3965 Libri
555 3911 748 3980 raoeoaoymie:
768 3917 805 3966 Ν.
821 3935 843 3968 e.
862 3929 928 3985 queo
944 3919 962 3969 l.
978 3921 1119 3987 cuiquam:
1152 3934 1208 3988 155·
1218 3924 1274 3996 uhi,
1353 3917 1354 3946 ³

202 3993 275 4056 uiti,
294 3991 341 4053 ibi,
366 3997 436 4040 vett.
460 4005 519 4040 non
543 3989 778 4056 siu13rerigeruns
794 3987 953 4046 Helmstud.
979 4001 1008 4042 et
1023 3993 1134 4061 Langg.
1159 3997 1209 4052 v,2‘
1227 3999 1276 4065 qm·

130 4073 136 4091 .
202 4060 256 4110 sihi
280 4057 413 4130 ‘quicquid
437 4057 586 4124 tetigerint,
611 4070 646 4126 a,
673 4074 740 4112 cum
763 4058 821 4122 ium
846 4055 918 4109 olim
942 4057 1023 4111 uam.
1041 4059 1201 4132 posuisset,
1226 4064 1274 4115 ,ιω

202 4128 269 4201 quid
294 4125 442 4193 tetigemtt.
806 4143 827 4168 ·,
