2725 4659
398 251 404 261 “
437 254 721 334 BACCHIDES.
755 257 766 314 ἰ

51 435 142 499 Hanc
160 433 200 497 ut‘
207 431 363 499 Mcobuli
374 434 504 515 inspicit
522 431 757 500 Mnesilochus:
864 443 867 450 ’

50 523 167 581 Amare
182 520 315 599 occipit,
335 518 395 578 itat
410 516 451 579 ad
464 536 537 579 eam
551 520 765 599 frequentius.

50 601 177 664 Interea
190 601 339 676 juvenem
353 613 443 681 puter
456 602 561 662 mittit
577 600 767 683 Ephesum,

51 682 94 746 Ut
106 682 184 745 inde
196 683 316 743 referat
330 702 463 751 aurum,
483 684 570 826 guod
581 698 733 764 posuerat

50 767 120 845 Ipse
135 763 323 844 jampridem
339 764 424 842 apud
437 765 482 824 Ar
525 764 709 839 identidem,
760 796 764 808 =

49 848 198 910 Veterem
213 849 370 919 amicum,
393 863 502 907 senem
518 846 779 914 Phoenioarium.

49 931 194 1013 Isquom
205 926 379 990 biennium
393 927 549 990 desideret
565 930 702 1010 Ephesis

49 1011 243 1075 Bacchidem
255 1011 380 1081 abiisse,
401 1009 519 1071 durum
536 1014 659 1091 accepit
675 1015 853 1076 nuncium:

48 1095 133 1161 Nam
147 1095 264 1153 nuutac
282 1087 352 1154 noti
368 1089 533 1173 nuvighsse
544 1097 709 1159 nunciant.

49 1176 94 1238 Ut
108 1175 276 1258 fugitiuum
291 1193 366 1235 cura
379 1188 411 1235 et
425 1175 520 1237 corde
534 1191 715 1256 quaereret,

50 1261 96 1320 Ad
110 1258 299 1320 Philoxenis
311 1255 520 1318 Pistoclerum
535 1258 653 1329 lilium,
735 1281 738 1286 ·

51 1340 198 1402 sodalem
210 1341 362 1413 unicum,
384 1341 485 1400 sulcat
502 1340 694 1420 epistolium.

50 1425 136 1486 Dum
154 1423 347 1483 Pistoclerus
363 1424 466 1494 amico
479 1424 611 1502 inpertit
627 1441 775 1505 operam:

50 1506 189 1567 Athenas
200 1503 324 1568 dudum
339 1521 420 1583 quae
434 1502 595 1566 redierant
609 1509 755 1586 geminae

52 1587 307 1667 conquisitorem
322 1587 359 1646 in
372 1605 516 1649 umorem
529 1590 692 1649 conciunt.

51 1671 154 1731 Altera
171 1670 385 1731 Pistoclerum
402 1671 443 1731 ad
460 1688 525 1730 sese
537 1669 660 1740 allicitt

51 1754 154 1815 Alteru
167 1751 313 1813 venienti
330 1749 454 1811 desidet
467 1746 679 1813 Mnesilocho,

52 1834 204 1896 Geminae
220 1831 360 1895 Bacchae
377 1831 455 1891 duos
468 1831 656 1893 Bacchantis
672 1833 818 1913 pullulo·

53 1917 134 1994 Quid
147 1918 274 1978 mirum
288 1917 316 1974 si
329 1913 369 1973 ad
382 1913 448 1974 sese
464 1912 633 1975 'traxerunt
644 1916 828 1991 blanditiae,

51 1998 197 2074 Facem,
221 1996 368 2076 pulcrae,
387 1998 537 2057 incurvos
550 1998 752 2070 libitinarios,

50 2081 254 2143 Veterrumos
266 2097 355 2138 senes
369 2077 502 2139 illorum
518 2080 647 2141 trahere
659 2081 787 2161 patres?
873 2153 877 2162 q

52 2163 109 2224 Sed
121 2182 240 2225 eccum
254 2159 481 2234 Pistoclerum,
503 2162 559 2239 qui
576 2161 616 2223 ad
629 2161 803 2223 Bacchides

51 2244 156 2324 Nuper
168 2248 322 2306 intentas
333 2242 435 2316 redit,
457 2255 490 2303 et
504 2262 613 2305 secum
628 2245 769 2305 insolens

50 2331 149 2389 Notos
164 2326 281 2387 amoris
299 2323 419 2407 dispuit
435 2324 603 2405 igniculos.

52 2408 142 2473 Nunc
159 2406 336 2493 p‘rodeunt:
358 2404 476 2470 audite.

419 2617 754 2657 ......-..„„7

280 2901 646 2973 PISTOCLERUS.
697 2905 876 2971 LYDUS.

54 3103 101 3166 Pu
122 3104 165 3167 Di
187 3102 395 3171 inmortales,
422 3113 460 3162 ut
479 3105 600 3179 sentio,
621 3107 705 3185 quod
726 3107 846 3167 sentio!
866 3105 969 3187 quid?
988 3110 1104 3171 nescio.

56 3183 144 3246 Stans¹
161 3188 261 3270 fugio.
302 3184 419 3247 Nullus
436 3198 484 3245 est
497 3188 599 3268 ignis,
621 3203 654 3249 et
667 3201 755 3249 totus
767 3190 873 3251 ardeo.

56 3267 209 3343 Quid'id,
224 3270 293 3328 'nisi
307 3266 455 3327 insania?
475 3277 594 3328 novom'
607 3269 753 3351 profecto
768 3273 894 3333 malum

54 3348 149 3411 Video
163 3365 197 3411 et
212 3352 325 3412 sentio.
367 3348 496 3409 Potisne
511 3364 596 3410 terra
609 3365 647 3412 nt
663 3367 746 3414 terat
760 3353 930 3419 homiuem

54 3432 155 3511 Atque
180 3430 380 3515 prosternat?
410 3428 507 3492 hodic
532 3432 583 3493 nil
606 3445 730 3515 praeter
751 3451 870 3498 terram
892 3452 926 3498 et
950 3436 1108 3499 Bacchum

474 3547 477 3562 ·
562 3523 621 3580 teti
645 3521 666 3581 i.
760 3536 762 3542 ’
794 3533 796 3538 ·
1049 3565 1077 3576 ,,

55 3590 88 3653 Si
99 3594 224 3656 Baccha
239 3610 286 3658 est
300 3595 402 3668 haec,
419 3615 489 3659 non
503 3602 607 3659 nutrit
622 3541 769 3673 iaccho,
790 3620 900 3664 verum
918 3602 1050 3684 jugulet.
1088 3535 1107 3596 5

54 3677 80 3739 Ε
96 3689 181 3739 terra
196 3697 321 3760 quoque
335 3680 487 3762 obrepere
500 3682 582 3743 olim
598 3682 750 3748 dixerunt
764 3682 925 3759 homines,
994 3719 998 3726 «

115 3924 160 3982 85.
177 3915 228 3969 Va
246 3915 387 3973 traxerint.
436 3924 478 3988 85.
495 3916 545 3974 Va
562 3918 708 3976 traherent.
759 3933 801 3992 89.
817 3924 878 3976 ,Va
901 3921 1008 3992 prodeo.
1041 3925 1111 3979 nin·

55 3977 115 4057 logi
130 3998 217 4061 uersu
232 3999 258 4050 5.
274 4002 357 4038 uentu
373 4004 450 4042 casta
467 3997 550 4054 sunt,
572 3989 748 4060 questrulge
764 3991 905 4058 leguntur
921 3989 1006 4043 heec:
1039 3992 1113 4061 Quid

57 4045 99 4114 tri,
119 4052 176 4101 nusi
199 4052 311 4103 narum?
359 4069 384 4120 4.
401 4053 582 4109 scribendum
598 4057 712 4115 videtur
724 4057 812 4128 scrut.
1072 4083 1075 4092 ·

869 4193 911 4238 10
