2725 4659
590 286 645 356 M.
696 286 741 359 A.
789 285 971 358 PLAUTI

467 461 800 532 ‘ALCUMENAL
838 466 1074 531 ΙΙΠΡΙΤΕἨ.
1115 475 1120 483 “
1194 476 1201 488 '

242 632 314 693 ..dra
331 626 458 690 Durare
469 631 595 710 nequeo
611 630 807 692 insedibus!
821 632 1060 715 itameprobri,
1075 632 1097 692 i.
1109 629 1230 705 s.III,2
1248 648 1303 709 750

256 713 382 792 Stupri,
403 712 565 774 dedecoris
587 733 605 772 a
625 717 694 774 viro
717 729 865 797 argutam
884 719 974 777 meo!

256 799 323 869 Ea,
346 814 424 874 quae
446 809 521 857 sunt
540 797 647 868 facta,
665 797 808 857 infuctad
828 814 895 859 esse
917 799 1114 866 occlamitat3
1287 855 1290 858 .

256 878 347 955 Quae
367 895 472 957 neque
493 893 568 940 sunt
587 880 688 953 facta,
709 899 814 960 neque
835 883 894 962 e'go
916 882 952 938 in
970 899 1024 939 me
1044 878 1166 952 admisi,
1187 884 1302 960 argutis
1352 875 1353 946 ξ

255 963 364 1039 Atque
384 961 415 1020 id
436 981 489 1022 me
511 982 622 1043 susque
643 962 746 1043 deque
767 983 832 1023 esse
852 961 1036 1020 habituram
1056 974 1159 1040 putat.
1352 949 1353 1042 l

256 1042 331 1103 Non
353 1040 470 1123 edepol
487 1044 623 1116 faciam,
647 1063 752 1123 neque
774 1064 828 1103 me
847 1043 1004 1120 perpetiar
1024 1042 1134 1120 probri
1248 1057 1304 1121 735
1352 1049 1353 1120 ξ

255 1127 350 1187 Falso
366 1127 604 1197 insimulatam,
627 1129 706 1204 quin
727 1144 787 1202 ego
807 1123 905 1182 illum
926 1135 982 1181 aut
1002 1122 1156 1196 deseram,
1352 1125 1353 1150 ¹

255 1212 321 1270 Aut
343 1211 514 1271 satisfaciat
534 1211 582 1268 mi
600 1207 658 1266 'ille
680 1221 777 1282 atque
797 1202 924 1275 adjuret
943 1205 1084 1282 insuper,
1172 1221 1175 1228 ’
1352 1265 1353 1298 ,

255 1292 355 1355 Nolle
377 1309 442 1350 esse
463 1291 564 1358 dicta,
587 1306 667 1364 quae
688 1286 725 1344 in
744 1304 798 1344 me
818 1287 980 1345 insontem
998 1286 1151 1364 protulitd
1352 1301 1354 1404 q

255 1373 306 1434 Jtt.
330 1371 532 1432 Faciundum
553 1382 601 1427 est
621 1368 668 1427 mi
689 1365 785 1436 illud,
805 1365 877 1425 fieri
899 1367 983 1445 quod
1003 1366 1095 1426 illaec
1116 1370 1269 1445 postulat,

254 1452 288 1511 Si
305 1473 359 1511 me
380 1452 474 1510 illam
496 1463 660 1509 amantem
681 1447 721 1507 ad
741 1469 806 1508 sese
829 1449 972 1507 studeam
991 1451 1141 1527 recipere.
1249 1471 1308 1529 74⁰
1352 1473 1353 1492 i

254 1533 407 1611 Quando,
436 1551 495 1612 ego
523 1531 608 1611 quod
634 1531 716 1602 feci,
743 1530 777 1588 id
797 1531 920 1590 factum
940 1525 1171 1610 Amphitruoni
1191 1532 1306 1605 obfuit,

251 1618 357 1693 Atque
378 1614 428 1675 illi
449 1613 571 1674 dudum
592 1631 795 1678 meusamor
814 1614 990 1695 negotium·
1045 1654 1049 1660 -

252 1697 375 1758 insonti
397 1689 563 1756 exhibuit:
585 1691 674 1754 nuuc
696 1691 805 1756 autem
825 1697 947 1755 ins‘onti
966 1694 1052 1755 mihi

246 1780 342 1846 :Illius
363 1779 467 1840 ira·in
486 1777 571 1837 hanc
593 1791 625 1836 et
646 1778 816 1839 maledicta
836 1791 999 1857 expetent.

252 1865 311 1928 An.
332 1861 391 1936 Et,
414 1880 545 1933 eccum,
570 1859 677 1931 video,
699 1862 852 1932 miseram⁸
872 1862 928 1938 qui
947 1859 1024 1921 med
1043 1860 1150 1942 arguit
1174 1853 1202 1918 .'
1246 1878 1307 1940 745
1352 1871 1353 1888 ¹

252 1937 379 2022 Stupri,
401 1943 584 2003 dedecoris!
626 1942 679 2002 Ju.
702 1942 750 2003 Te
772 1944 863 2015 volo,
883 1944 1166 2020 uxor,'conloqui.

254 2027 326 2102 Quo
347 2040 380 2085 te
402 2028 546 2085 avortisti
560 2026 674 2088 ‹nunc?
715 2027 776 2090 An.
797 2026 847 2086 Ita
866 2027 1035 2105 ingenium
1055 2037 1103 2085 est
1122 2044 1251 2085 meum:

250 2108 400 2170 Inimicus
421 2128 547 2188 semper
561 2127 623 2170 ,osa
641 2128 714 2168 sum
734 2108 905 2170 obtuerier.
1269 2157 1272 2160 ,

248 2191 301 2251 lu.
323 2190 407 2252 Heia
428 2205 536 2261 autem
554 2192 722 2252 inimicos!
765 2192 823 2252 An.
845 2188 896 2249 Sic
919 2201 982 2259 est,
1004 2209 1080 2249 vera
1100 2190 1263 2269 praedico:

248 2274 319 2336 Nisi
341 2276 439 2333 etiam
459 2274 519 2333 hoc
540 2274 618 2333 fal'so
640 2274 705 2332 dici
724 2272 968 2334 insimulaturus
989 2291 1031 2331 es.
1114 2311 1116 2315 -
1242 2291 1305 2351 750

247 2349 298 2419 Ju'.
321 2356 427 2416 Nimis
442 2357 622 2418 verecunda
635 2375 677 2419 es.
713 2357 773 2416 Ac.
788 2356 908 2423 Potin'‚
924 2367 961 2413 ut
976 2353 1132 2417 abstineas
1145 2358 1304 2416 manum?

247 2440 332 2500 Nam
354 2452 441 2498 certo
462 2441 488 2498 si
508 2442 548 2498 sis
569 2458 662 2498 sanus
683 2453 738 2497 aut
759 2443 859 2518 sapias
879 2440 963 2510 satis,
1282 2431 1289 2456 ⁸

248 2522 353 2599 Quam
373 2534 411 2579 tu
430 2520 615 2598 inpudicam
636 2539 702 2580 esse
722 2520 875 2580 arbitrere
896 2518 1117 2599 etppraedices,

247 2602 333 2662 Cum
354 2621 391 2660 ee
412 2615 449 2662 tu
467 2620 651 2664 sermonem
669 2620 730 2660 nec
748 2602 817 2676 joco
838 2619 899 2662 nec
920 2604 1000 2662 serio

167 2732 170 2737 .
247 2684 322 2746 Tibi
342 2684 475 2754 habeas,
497 2686 558 2741 nisi
579 2685 620 2741 sis
642 2684 768 2741 stultior
788 2684 996 2744 stultissumo.
1137 2753 1139 2758 .
1241 2702 1304 2764 755

245 2759 296 2826 Ju.
319 2765 353 2824 Si
373 2766 460 2839 dixi,
482 2764 587 2826 nihilo
608 2768 711 2845 magis
732 2786 781 2836 es,
801 2785 907 2843 neque
928 2786 988 2845 ego
1008 2785 1075 2827 esse
1095 2768 1249 2839 arbitror3

244 2849 286 2911 Et
307 2848 340 2906 id
359 2847 423 2906 huc
445 2848 564 2914 revorti
584 2847 634 2912 uti
653 2865 706 2905 mo
727 2866 899 2929 purgarem
907 2848 995 2916 ribi:

243 2930 329 2989 Nam
350 2949 517 3007 nunquam
538 2928 710 3009 quidquam
728 2949 802 2989 meo
824 2931 930 2989 animo
951 2930 1014 2989 fuit
1036 2933 1173 3010 aegrius,
1230 2974 1232 2979 -

245 3012 352 3089 Quam
374 3025 543 3091 postquam
563 3009 688 3080 audivi,
710 3012 764 3070 ted
780 3030 851 3071 esse
871 3013 987 3071 iratam
1008 3012 1101 3074 mihi.

245 3094 310 3160 Gur
331 3095 461 3154 dixisti?
481 3094 615 3170 inquies.
658 3092 729 3171 Ego
750 3094 920 3173 expediam
940 3094 1010 3155 tibi.
1240 3097 1304 3172 760

242 3180 318 3238 Non
339 3175 469 3256 edepol,
491 3193 557 3255 quo,
574 3187 607 3235 te
628 3193 695 3235 esse
715 3175 900 3255 inpudicam
915 3177 1101 3246 crederem3

306 3400 364 3453 752.
394 3387 457 3436 Vet.
480 3382 541 3440 cotl.
564 3384 695 3435 Comen:
720 3383 828 3450 infecta
846 3401 874 3434 re
891 3396 932 3433 est
953 3384 998 3453 (e')
1023 3396 1052 3434 ut
1070 3384 1204 3436 clamitas.
1240 3384 1302 3438 Alii

238 3449 324 3507 libri:
347 3452 399 3519 inf.
423 3470 465 3501 ue.
485 3451 653 3501 aectamisar.
694 3450 772 3503 Unus
793 3451 1022 3518 Langianorumz
1045 3452 1097 3516 inf.
1122 3469 1181 3502 essa
1203 3454 1302 3504 accla-

239 3521 335 3584 mitat,
354 3518 430 3570 uude
448 3518 589 3569 Gronor.:
607 3518 662 3596 inf,
679 3535 702 3567 e.
721 3518 888 3579 neelamites,
907 3524 995 3580 reate,
1011 3517 1067 3567 nisi
1083 3517 1160 3585 quod
1176 3519 1210 3570 in
1225 3518 1300 3572 alio-

231 3581 306 3637 ‘rum
320 3585 471 3653 scripturis
486 3584 580 3636 latere
596 3582 755 3638 existimavi
772 3582 1145 3651 dillud'ephelcysticum,
1172 3601 1234 3655 quo
1250 3603 1300 3638 ve·

236 3659 312 3701 teres
334 3654 500 3703 utebantur.
534 3650 694 3718 (infestari,
718 3651 852 3715 injectat,
878 3652 1029 3716 injectare,
1054 3650 1193 3716 infectare
1218 3654 1298 3720 etc.)

235 3716 365 3774 Monam
383 3720 502 3782 infacta.
536 3718 568 3766 V.
585 3714 743 3768 secuudum
761 3715 855 3768 Cum:
880 3715 986 3781 insecta
1003 3715 1089 3781 refert
1106 3735 1139 3767 ac
1159 3719 1300 3777 clamitat.

235 3796 293 3849 742·
312 3782 358 3834 Sic
376 3784 439 3836 edd.
458 3782 585 3848 mediae,
613 3791 646 3833 ut
662 3791 846 3850 opponantur
863 3782 940 3833 inter
964 3799 993 3833 se
1010 3782 1097 3835 verba
1114 3781 1159 3835 illi
1188 3785 1301 3836 insonti

235 3856 263 3897 et
280 3849 382 3900 insonti
395 3852 476 3917 mihi,
492 3848 571 3919 ,quod
587 3850 690 3900 merito
705 3845 816 3925 placuit
831 3846 967 3900 Acidalio.
983 3850 1031 3903 V.:
1051 3849 1110 3898 ille.
1161 3866 1222 3919 747.
1249 3849 1298 3902 sie

234 3912 352 3966 eaedem
368 3916 430 3968 edd.
448 3919 477 3968 V.
495 3934 567 3967 stunc
584 3932 643 3967 non
658 3914 775 3983 legitur.
804 3957 807 3964 ,
841 3928 882 3980 51.
899 3914 1011 3970 Gueli:
1032 3916 1181 3982 iracunda,
1200 3927 1235 3968 ut
1252 3917 1298 3970 le-

232 3978 359 4050 gendum
377 3982 500 4046 conjecit
515 3981 626 4043 Laxat„
664 3995 723 4049 753.
742 3980 788 4030 Sic
803 3930 874 4032 Idri
890 3981 1032 4044 meliores.
1066 3979 1144 4033 Male
1162 3981 1298 4051 vulgatis

231 4046 379 4111 arbitrare,
403 4065 470 4099 cum
486 4057 621 4117 sequatur
636 4049 789 4117 praedices.
839 4046 896 4115 756.
920 4047 965 4098 Sic
986 4045 1088 4114 itidem
1104 4048 1190 4117 probi
1207 4048 1297 4103 codd.

230 4113 260 4163 V.
279 4130 328 4179 ego
346 4112 532 4168 desideratur.
