2725 4659
255 230 327 312 298
603 220 658 290 Μ.
682 193 744 287 Ἀ.
783 217 968 290 rcrurr

252 396 321 458 Nec
342 417 397 457 me
417 395 476 457 ille
496 396 565 456 sirit
585 394 728 476 Jupiter!
759 394 817 458 Pr.
838 394 910 478 Ego
929 399 1010 458 item
1030 401 1114 464 volo.

250 478 301 538 lta
321 492 410 539 tuom
432 479 575 540 conferto
596 498 703 539 amare
725 497 861 557 semper,
884 484 911 542 si
930 484 1021 558 sapis,

250 561 302 622 Ne
322 561 366 630 id,
387 562 470 642 quod
492 581 590 633 ames,
610 560 747 641 populus
769 563 795 620 si
816 563 907 635 sciat,
927 562 992 625 tibi
1011 566 1052 624 sit
1071 566 1200 643 probro.

249 643 381 725 Semper
401 659 521 715 curato,
542 662 585 704 ne
607 645 648 703 sis
669 642 874 706 intestabilis.
1265 668 1304 728 3⁰

248 725 308 787 Pu.
333 726 420 803 Quid
440 727 523 786 istuc
543 738 591 786 est
612 725 726 790 verbi?
746 725 804 788 Pr.
827 724 931 787 Caute
951 740 989 787 ut
1007 728 1139 803 incedas
1160 732 1232 795 vias

250 807 345 887 Quod
366 827 463 880 amas,
484 821 592 869 amato
611 806 747 868 testibus
767 809 996 885 praesentibus.

247 894 307 955 Pa.
331 891 421 971 Quin
438 892 515 953 leno
534 889 590 950 hic
608 887 744 952 habitat.
765 890 832 953 Pae
845 891 953 954 Nemo
971 891 1050 951 hinc
1070 891 1226 973 prohibet
1247 915 1300 957 nes

761 984 850 1031 vetat

249 1057 349 1135 Quin,
371 1056 457 1135 quod
477 1054 586 1133 palam
608 1066 656 1113 est
676 1053 801 1126 venale,
822 1055 850 1114 si
869 1069 1043 1136 argentum
1065 1070 1125 1130 est,
1150 1078 1247 1123 emas.

246 1143 352 1214 Nemo
374 1144 420 1200 ire
441 1155 637 1216 quemquam
657 1135 805 1219 publica¹
830 1136 955 1198 rohibet
977 1141 1036 1202 via.
1264 1158 1301 1235 44

245 1224 336 1285 Dum
356 1241 398 1282 ne
419 1240 477 1300 per
493 1220 637 1281 fundum
656 1232 785 1298 septum
805 1158 902 1280 Facias
923 1223 1081 1294 semitam,

245 1306 341 1373 Dum
359 1305 413 1364 ted
433 1302 593 1363 abstineas
613 1315 727 1379 nupta,
748 1300 858 1375 vidua,
880 1302 1016 1383 virgine,

245 1389 422 1449 iuventute
444 1397 477 1444 et
497 1387 604 1463 pueris
626 1385 751 1445 liberis:
774 1403 846 1444 ama
868 1386 945 1464 quid
965 1386 1068 1449 lubet.

244 1471 304 1535 Pu.
325 1469 466 1528 Lenonis
485 1464 565 1526 haec
586 1479 662 1530 sunt
683 1466 787 1528 aedes.
808 1466 865 1526 Pr.
889 1464 978 1527 Male
999 1471 1068 1530 istis
1089 1476 1226 1533 evenat!

243 1554 303 1615 Prr.
326 1551 414 1630 Qui?
436 1550 494 1614 Pr.
518 1552 604 1628 Quia
624 1549 790 1610 scelestam
813 1550 1000 1610 servitutem
1021 1554 1179 1618 serviunt,
1264 1572 1300 1634 4ο

245 1636 306 1696 Pa.
329 1633 534 1712 Obloquere!
557 1635 616 1695 Pr.
636 1631 711 1692 Fiat
731 1648 895 1711 maxume.
918 1634 977 1695 Pu.
1000 1632 1110 1697 Etiam
1133 1637 1246 1698 taces?

244 1718 301 1778 Pr.
322 1717 449 1793 Nempe
470 1715 602 1795 obloqui
621 1734 677 1775 me
691 1710 841 1791 jusseras.
862 1713 921 1776 ΡΗ.
942 1721 985 1774 At
1002 1735 1091 1777 nuuc
1112 1732 1202 1783 veto.

244 1798 306 1861 Sed
327 1794 397 1876 (ita,
420 1810 455 1856 ut
476 1798 540 1872 jam
561 1798 694 1876 occoepi
714 1792 833 1874 dicere)
855 1795 900 1869 eji
919 1797 1075 1858 ancillula
1096 1815 1199 1865 est...

241 1884 300 1955 Pr.
323 1883 449 1961 Nempe
469 1878 545 1940 huic
558 1881 682 1950 lenoni,
704 1881 760 1957 qui
779 1877 833 1940 hic
846 1876 993 1944 habitat?
1015 1884 1075 1942 Pn.
1088 1880 1301 1949 Rectetenesr

241 1967 300 2026 Pr.
321 1962 432 2024 Minus
452 1963 646 2030 formidabo,
667 1982 710 2022 ne
731 1962 868 2023 excidat.
894 1963 956 2024 Pu.
978 1961 1114 2024 Odiosus
1137 1986 1182 2029 es.
1262 1984 1298 2047 45

240 2051 324 2113 Eam
344 2046 413 2106 uolt
434 2047 643 2111 meretricem
660 2046 779 2108 facere.
820 2042 867 2103 Ea
887 2063 940 2103 me
961 2043 1102 2125 deperit3

240 2129 309 2213 Ego
331 2142 442 2193 autem
461 2149 538 2190 oum
553 2127 615 2187 illa
635 2127 742 2199 facere
762 2126 839 2209 nolp
860 2140 1020 2191 mutuom.

240 2213 301 2281 Pu
325 2211 413 2292 Quid
431 2211 498 2275 ita?
526 2210 587 2274 Pu.
608 2210 696 2290 Quia
716 2212 884 2349 proprilum
903 2206 1005 2270 isoio:
1026 2228 1099 2272 amo
1120 2214 1246 2292 pariter
1261 2213 1299 2277 si·

273 2344 279 2361 .
371 2354 376 2363 ,
580 2346 584 2357 .
642 2350 645 2355 ,
755 2311 840 2355 mus.
987 2335 995 2347 .

241 2358 300 2439 Pr.
322 2376 431 2437 Malus
453 2374 671 2436 clandestinus
701 2385 749 2433 est
769 2393 878 2444 amor3
894 2373 1067 2443 ¹damnum
1091 2390 1142 2437 est
1161 2396 1298 2441 merum.

240 2463 301 2523 Pu.
319 2459 375 2519 Est
386 2459 495 2525 hercle
505 2458 748 2527 itomttudicis.
769 2459 827 2519 Pr.
840 2457 955 2518 Jamne
970 2476 1008 2517 ea
1019 2457 1085 2518 fert
1096 2458 1244 2542 jugum?
1261 2477 1301 2541 5·

240 2543 300 2603 Pu.
322 2542 404 2601 Tam
425 2559 444 2599 a
464 2560 518 2600 me
539 2540 653 2619 pudica
673 2552 732 2609 est,
753 2541 841 2618 quasi
861 2557 951 2600 soror
970 2559 1044 2600 mea
1064 2543 1116 2617 sit,
1138 2543 1207 2607 nisi

241 2623 276 2682 Si
296 2637 352 2688 est,
365 2622 538 2683 osculando
559 2621 725 2701 quidpiam
745 2622 939 2701 inpudicior.

239 2709 299 2771 Pr.
322 2703 455 2784 Semper
477 2703 532 2780 (tu
552 2702 646 2778 scito)
663 2703 796 2762 flamma
815 2704 907 2764 fumo
929 2715 977 2762 est
997 2722 1171 2785 proxuma.

239 2788 346 2849 Fumo
366 2787 502 2850 conburi
521 2787 571 2849 uil
591 2799 704 2865 potest,
726 2786 860 2846 flemme
880 2798 994 2865 potest.

241 2871 307 2950 Qui
327 2870 510 2933 nuculeum
530 2889 550 2928 e
569 2887 653 2927 nuce
673 2889 742 2929 esse
763 2870 842 2941 volt,
863 2869 988 2950 frangit
1006 2868 1154 2940 nucem}
1259 2886 1299 2953 55

242 2954 309 3032 Qui
329 2953 396 3015 volt
417 2951 545 3022 cubare,
566 2949 678 3030 pandit
700 2951 819 3019 saltum
841 2952 944 3013 saviis.

238 3039 299 3099 Pu.
320 3036 363 3095 At
385 3035 444 3094 illa
464 3046 513 3095 est
531 3035 659 3114 pudica,
679 3051 785 3114 neque
806 3034 886 3093 dum
907 3031 1032 3093 cubitat
1052 3052 1133 3098 cum
1152 3036 1243 3101 viris,

174 3129 179 3133 ’
239 3122 299 3193 Pr.
322 3116 478 3187 Credam,
499 3115 605 3195 pudor.
622 3116 649 3175 si
670 3117 845 3196 quoiquam
865 3116 978 3177 lenoni
998 3117 1069 3179 siet.
1171 3182 1181 3190 ,

303 3273 346 3328 pp.
364 3257 521 3336 Perpetem
542 3254 653 3333 vulgati
674 3253 760 3311 libris
784 3256 861 3307 sinit.
889 3254 1016 3325 inunget
1049 3252 1088 3310 N.
1105 3275 1150 3335 pre
1172 3258 1294 3325 ὺτὺαὴ,

238 3323 315 3378 unde
333 3323 413 3381 Gurl.
463 3332 550 3374 uuest.
574 3340 604 3373 ur
621 3323 707 3375 Cure.
731 3337 807 3401 c.·1.
831 3330 861 3373 et
879 3322 985 3374 Muret.
1004 3324 1025 3376 1.
1041 3322 1079 3380 ts
1096 3336 1168 3376 sint.
1202 3323 1294 3379 Rea

236 3393 285 3512 tt
301 3388 1195 3525 testeis'trstesuttutrtttuctum
1210 3406 1295 3523 Ξῖ

238 3542 325 3597 quem
341 3524 490 3575 hominem
514 3528 597 3572 vocet
613 3522 804 3572 intestabilem.
840 3521 914 3587 Quid
941 3538 1041 3573 cums
1080 3531 1168 3575 uento
1192 3518 1294 3593 sylb

237 3592 379 3656 coalescit,
396 3587 591 3707 sicutvpassipr
608 3586 749 3718 eipsqui
764 3586 960 3704 porprsyllnba
976 3588 1053 3707 appui
1070 3604 1149 3705 ἠως
1156 3598 1292 3709 11ae

494 3669 604 3710 ,stes⁴
655 3668 680 3718 p.
724 3669 748 3707 ,ε
799 3670 976 3707 ‚auum
1019 3671 1046 3710 r.
1105 3672 1157 3705 .ι.

272 3697 278 3710 .
302 3659 387 3711 Meas
410 3671 445 3709 tc.

234 3670 411 3781 iselmsmdm
434 3724 494 3774 lter.
527 3735 569 3787 45.
589 3718 728 3775 Helmst.z
758 3720 788 3769 Si
806 3721 929 3773 indutias
945 3739 1004 3772 occ.
1024 3723 1080 3772 dic.
1102 3718 1291 3779 Miretur

240 3792 294 3842 Seri
312 3793 353 3841 ita
373 3803 404 3842 ut
420 3807 477 3842 occ.
496 3789 523 3838 d.
540 3789 583 3841 Va
599 3787 632 3837 ld
650 3788 691 3837 uti
704 3791 764 3854 jam
780 3803 839 3838 occ.
857 3788 883 3839 d.
905 3800 946 3850 44.
962 3787 1068 3841 Malim
1084 3786 1188 3843 sodon
1204 3796 1300 3849 m*

236 3854 359 3907 meliore
376 3864 472 3906 eutem
489 3868 626 3907 numero:
644 3854 691 3923 pur'
708 3853 754 3903 laic
771 3853 861 3904 habet.
877 3852 940 3905 vid
957 3853 1043 3905 Parei
1057 3852 1143 3910 lexic.
1157 3850 1211 3907 eh
1264 3862 1290 3905 ι

128 3944 137 3951 ¹
234 3921 359 3975 Habere.
390 3934 431 3987 45.
450 3922 496 3972 Sic
507 3921 617 3988 Longg.
635 3927 664 3970 et
675 3916 835 3970 Helmstad
852 3935 878 3972 ι.
893 3935 932 3971 m.
950 3935 973 3971 ι.
991 3917 1050 3974 Alii
1064 3917 1150 3975 libri:

236 3988 366 4041 excedott
382 3987 431 4039 V.:
450 3989 555 4037 exedat.
590 3985 631 4049 46.
650 3985 726 4036 Cave
743 3983 836 4036 elidas
847 3986 957 4050 facere.
987 3987 1086 4039 Potest
1102 3985 1193 4039 etim

230 4054 360 4120 faceret.
384 4059 426 4119 58.
444 4052 492 4107 Sic
508 4053 618 4125 Langg.
632 4050 896 4108 (inolilielmsted.
915 4052 1087 4125 courgetur.
1100 4051 1151 4106 Va
1163 4048 1287 4122 stupis

567 4182 579 4217 Ι
