2725 4659
452 264 713 336 concurro.
1040 296 1112 365 w

52 446 98 508 Et
120 447 179 508 tibi
200 445 319 517 oberit,
342 456 447 513 etto,
467 444 580 516 miles,
601 442 634 505 di
653 442 793 527 deaeque
813 446 980 526 perduint!

53 529 110 591 Tu
124 550 179 591 me
192 548 323 607 sequere
334 525 342 569 ¹
385 526 447 590 Tre.
467 527 669 607 Quosequar
683 546 743 608 ego
759 529 814 588 te?
855 529 914 595 Cr.
936 532 987 593 Ad
1002 548 1109 618 trape.

570 611 671 671 zitam
690 628 814 683 meum,

51 690 107 752 nd
121 706 318 774 praetorem:
340 703 415 750 nam
428 690 581 753 inderem
594 690 681 752 solvo
696 690 857 763 omnibus,
871 694 987 773 quibus
1001 699 1110 767 debeo.

50 773 118 835 ΤΗ.
141 775 210 856 Ego
227 788 259 834 te
273 776 310 835 in
325 791 476 847 nervom,
497 774 583 834 houd
603 772 644 833 ed
660 787 860 854 praetorem,
880 777 957 838 hinc
979 786 1112 864 rapiam,

568 858 605 916 ni
625 869 799 937 argentum
819 858 935 919 refers!
1054 887 1113 943 72⁰

52 936 119 998 Cn.
140 933 210 1016 Ego
230 950 262 998 te
283 935 489 999 vehementer
507 939 613 1019 perire
634 939 752 1017 cupio,
772 958 813 1000 ne
834 960 889 1001 me
911 946 1044 1009 nescias!

51 1019 121 1083 ΤΗ.
141 1019 233 1080 Itone
249 1020 343 1082 vero?
387 1021 445 1082 Ge.
466 1020 517 1081 Ite
538 1018 648 1081 hercle
666 1022 757 1081 vero!
799 1022 860 1084 ΤΗ.
883 1025 966 1084 Novi
981 1048 1040 1111 ego
1056 1030 1115 1092 hoe

570 1122 696 1184 pugnos
717 1121 817 1166 meos.
1060 1174 1061 1177 Ἴ

54 1183 120 1246 Cn.
144 1181 234 1262 Quid
245 1186 342 1246 tum?
384 1182 447 1249 ΤΗ.
470 1184 559 1265 Quid
578 1186 673 1246 tum?
695 1186 837 1265 rogitas?
879 1185 974 1251 Hisce
991 1212 1068 1275 ego,
1090 1197 1115 1257 si

571 1279 610 1328 tu
630 1287 685 1328 me
704 1269 894 1339 imitareris,

49 1344 226 1412 Placidum
248 1361 281 1410 te
300 1348 400 1411 hodie
421 1348 571 1416 reddam!
614 1347 673 1412 Cn.
694 1351 784 1432 Age,
807 1371 883 1432 ergo
898 1355 1005 1435 recipe
1026 1370 1116 1419 actu·

571 1445 656 1498 tum.
696 1431 758 1494 ΤΗ.
780 1431 879 1496 Licet.

48 1519 118 1581 Prr.
138 1513 190 1576 Tu
206 1513 291 1594 apud
306 1534 360 1575 me
373 1513 531 1586 coenabis,
545 1515 662 1579 milest
684 1512 779 1574 hodie
792 1513 872 1577 fient
886 1520 1025 1597 nuptiae.
1054 1538 1115 1600 725

48 1603 118 1666 ΤΗ.
142 1597 301 1677 Quaeres
322 1597 403 1659 bene
423 1609 526 1657 vortat
545 1598 593 1658 mi
614 1609 647 1656 et
665 1595 773 1655 vobis!

301 1682 447 1743 Coenon.
468 1676 689 1760 spectatores,
710 1678 865 1758 plaudite.

125 1905 184 1964 7⁸4.
209 1889 298 1965 recipe
319 1887 437 1957 longam
452 1886 539 1941 hebet
554 1886 697 1966 epllebem
711 1887 850 1956 primam,
875 1905 957 1970 more
973 1899 1114 1943 veterum.

51 1954 1022 2083 ἰῶ·ΐὲῗῶἒὶἶῗρῖἑὶὲζῑιὲὲῖἳῗιΤῗαέῗοῖῗ“ἒέῗῗέὲὲἓῖἷῗὶ’
1038 1955 1117 2074 “Ῑ“ἓῖ

54 2046 127 2163 135,
154 2092 279 2160 interpp.
301 2107 318 2141 e
353 2090 470 2140 Terent.
487 2087 612 2141 Andriae
628 2101 743 2139 versum
757 2087 903 2140 ultimum.
936 2038 1117 2157 Vulgodrdrec

54 2161 151 2219 verbe
166 2159 255 2211 militi
270 2157 447 2210 tribuuntur.
