<?xml version="1.0" encoding="UTF-8"?>
<!DOCTYPE html PUBLIC "-//W3C//DTD XHTML 1.0 Transitional//EN"
    "http://www.w3.org/TR/xhtml1/DTD/xhtml1-transitional.dtd">
<html xmlns="http://www.w3.org/1999/xhtml" xml:lang="en" lang="en">
 <head>
  <title>
</title>
<meta http-equiv="Content-Type" content="text/html;charset=utf-8" />
  <meta name='ocr-system' content='tesseract 3.04.00' />
  <meta name='ocr-capabilities' content='ocr_page ocr_carea ocr_par ocr_line ocrx_word'/>
</head>
<body>
  <div class='ocr_page' id='page_1' title='image "./mattiplauticomo00unkngoog/mattiplauticomo00unkngoog_0052.png"; bbox 0 0 2725 4659; ppageno 0'>
   <div class='ocr_carea' id='block_1_1' title="bbox 235 260 958 346">
    <p class='ocr_par' dir='ltr' id='par_1_1' title="bbox 235 260 958 346">
     <span class='ocr_line' id='line_1_1' title="bbox 235 260 958 346; baseline -0.014 -5"><span class='ocrx_word' id='word_1_1' title='bbox 235 277 279 346; x_wconf 80' lang='lat' dir='ltr'>st</span> <span class='ocrx_word' id='word_1_2' title='bbox 567 260 624 338; x_wconf 76' lang='lat' dir='ltr'>NL</span> <span class='ocrx_word' id='word_1_3' title='bbox 674 263 718 333; x_wconf 79' lang='lat' dir='ltr'>A.</span> <span class='ocrx_word' id='word_1_4' title='bbox 773 260 958 333; x_wconf 82' lang='lat' dir='ltr'>PLAUTI</span> 
     </span>
    </p>
   </div>
   <div class='ocr_carea' id='block_1_2' title="bbox 166 436 1298 2562">
    <p class='ocr_par' dir='ltr' id='par_1_2' title="bbox 166 436 1298 2562">
     <span class='ocr_line' id='line_1_2' title="bbox 166 436 1293 525; baseline -0.008 -18"><span class='ocrx_word' id='word_1_5' title='bbox 166 483 168 488; x_wconf 94' lang='lat'>·</span> <span class='ocrx_word' id='word_1_6' title='bbox 235 444 305 508; x_wconf 73' lang='lat' dir='ltr'>Mn.</span> <span class='ocrx_word' id='word_1_7' title='bbox 328 440 422 520; x_wconf 74' lang='lat' dir='ltr'>Qu&#39;iol</span> <span class='ocrx_word' id='word_1_8' title='bbox 435 440 546 502; x_wconf 71' lang='lat' dir='ltr'>nunc?</span> <span class='ocrx_word' id='word_1_9' title='bbox 565 440 699 504; x_wconf 77' lang='lat' dir='ltr'>vincon&#39;</span> <span class='ocrx_word' id='word_1_10' title='bbox 714 442 927 525; x_wconf 63' lang='lat' dir='ltr'>argumentis,</span> <span class='ocrx_word' id='word_1_11' title='bbox 947 452 980 503; x_wconf 86' lang='lat' dir='ltr'>te</span> <span class='ocrx_word' id='word_1_12' title='bbox 990 457 1056 500; x_wconf 90' lang='lat' dir='ltr'>non</span> <span class='ocrx_word' id='word_1_13' title='bbox 1071 457 1137 501; x_wconf 86' lang='lat' dir='ltr'>asse</span> <span class='ocrx_word' id='word_1_14' title='bbox 1151 436 1293 501; x_wconf 82' lang='lat' dir='ltr'>Sosiam?</span> 
     </span>
     <span class='ocr_line' id='line_1_3' title="bbox 812 532 1298 592; baseline 0.012 -14"><span class='ocrx_word' id='word_1_15' title='bbox 812 569 815 578; x_wconf 78' lang='grc'>,</span> <span class='ocrx_word' id='word_1_16' title='bbox 1039 534 1064 582; x_wconf 82' lang='lat' dir='ltr'>t,</span> <span class='ocrx_word' id='word_1_17' title='bbox 1087 536 1110 583; x_wconf 90' lang='lat' dir='ltr'>t.</span> <span class='ocrx_word' id='word_1_18' title='bbox 1131 542 1160 582; x_wconf 88' lang='lat' dir='ltr'>c.</span> <span class='ocrx_word' id='word_1_19' title='bbox 1240 532 1298 592; x_wconf 80' lang='lat'>280</span> 
     </span>
     <span class='ocr_line' id='line_1_4' title="bbox 234 604 1293 688; baseline -0.008 -15"><span class='ocrx_word' id='word_1_20' title='bbox 234 611 287 673; x_wconf 87' lang='lat' dir='ltr'>so.</span> <span class='ocrx_word' id='word_1_21' title='bbox 329 608 383 668; x_wconf 90' lang='lat' dir='ltr'>Tu</span> <span class='ocrx_word' id='word_1_22' title='bbox 409 624 508 687; x_wconf 81' lang='lat' dir='ltr'>negat</span> <span class='ocrx_word' id='word_1_23' title='bbox 537 604 615 667; x_wconf 82' lang='lat' dir='ltr'>med</span> <span class='ocrx_word' id='word_1_24' title='bbox 643 609 733 670; x_wconf 77' lang='lat' dir='ltr'>etta?</span> <span class='ocrx_word' id='word_1_25' title='bbox 782 604 853 666; x_wconf 81' lang='lat' dir='ltr'>Mu.</span> <span class='ocrx_word' id='word_1_26' title='bbox 898 605 984 685; x_wconf 84' lang='lat' dir='ltr'><strong>Quid</strong></span> <span class='ocrx_word' id='word_1_27' title='bbox 1014 624 1073 688; x_wconf 82' lang='lat' dir='ltr'>ego</span> <span class='ocrx_word' id='word_1_28' title='bbox 1092 607 1138 666; x_wconf 68' lang='lat' dir='ltr'>⁴ni</span> <span class='ocrx_word' id='word_1_29' title='bbox 1166 623 1293 685; x_wconf 81' lang='lat' dir='ltr'>negem,</span> 
     </span>
     <span class='ocr_line' id='line_1_5' title="bbox 744 689 1086 771; baseline -0.015 -21"><span class='ocrx_word' id='word_1_30' title='bbox 744 691 810 770; x_wconf 77' lang='lat' dir='ltr'>,qui</span> <span class='ocrx_word' id='word_1_31' title='bbox 829 703 958 771; x_wconf 81' lang='lat' dir='ltr'><strong>egomet</strong></span> <span class='ocrx_word' id='word_1_32' title='bbox 978 689 1086 749; x_wconf 80' lang='lat' dir='ltr'>siem?</span> 
     </span>
     <span class='ocr_line' id='line_1_6' title="bbox 232 767 1272 851; baseline -0.005 -19"><span class='ocrx_word' id='word_1_33' title='bbox 232 774 284 838; x_wconf 86' lang='lat' dir='ltr'>So.</span> <span class='ocrx_word' id='word_1_34' title='bbox 326 773 388 834; x_wconf 82' lang='lat' dir='ltr'>Par</span> <span class='ocrx_word' id='word_1_35' title='bbox 407 768 520 834; x_wconf 84' lang='lat' dir='ltr'>Jovem</span> <span class='ocrx_word' id='word_1_36' title='bbox 538 770 621 846; x_wconf 85' lang='lat' dir='ltr'>juro,</span> <span class='ocrx_word' id='word_1_37' title='bbox 641 772 720 834; x_wconf 82' lang='lat' dir='ltr'>med</span> <span class='ocrx_word' id='word_1_38' title='bbox 737 792 816 844; x_wconf 85' lang='lat' dir='ltr'>esse,</span> <span class='ocrx_word' id='word_1_39' title='bbox 831 792 936 851; x_wconf 86' lang='lat' dir='ltr'>neque</span> <span class='ocrx_word' id='word_1_40' title='bbox 951 793 1004 831; x_wconf 87' lang='lat' dir='ltr'>me</span> <span class='ocrx_word' id='word_1_41' title='bbox 1021 770 1140 829; x_wconf 83' lang='lat' dir='ltr'>falsum</span> <span class='ocrx_word' id='word_1_42' title='bbox 1156 767 1272 827; x_wconf 85' lang='lat' dir='ltr'>dicere.</span> 
     </span>
     <span class='ocr_line' id='line_1_7' title="bbox 230 849 1291 935; baseline -0.008 -19"><span class='ocrx_word' id='word_1_43' title='bbox 230 853 301 916; x_wconf 80' lang='lat' dir='ltr'>Mn.</span> <span class='ocrx_word' id='word_1_44' title='bbox 324 858 365 916; x_wconf 80' lang='lat' dir='ltr'>At</span> <span class='ocrx_word' id='word_1_45' title='bbox 379 874 439 935; x_wconf 82' lang='lat' dir='ltr'>ego</span> <span class='ocrx_word' id='word_1_46' title='bbox 457 849 726 933; x_wconf 83' lang='lat' dir='ltr'>perMercurium</span> <span class='ocrx_word' id='word_1_47' title='bbox 739 857 858 928; x_wconf 82' lang='lat' dir='ltr'>injuro,</span> <span class='ocrx_word' id='word_1_48' title='bbox 870 856 1049 915; x_wconf 86' lang='lat' dir='ltr'>tibiJovem</span> <span class='ocrx_word' id='word_1_49' title='bbox 1065 872 1133 912; x_wconf 89' lang='lat' dir='ltr'>non</span> <span class='ocrx_word' id='word_1_50' title='bbox 1147 850 1291 911; x_wconf 83' lang='lat' dir='ltr'>credere:</span> 
     </span>
     <span class='ocr_line' id='line_1_8' title="bbox 230 933 1265 1017; baseline -0.005 -18"><span class='ocrx_word' id='word_1_51' title='bbox 230 938 318 1000; x_wconf 87' lang='lat' dir='ltr'>Nam</span> <span class='ocrx_word' id='word_1_52' title='bbox 334 935 493 1009; x_wconf 82' lang='lat' dir='ltr'>injurato,</span> <span class='ocrx_word' id='word_1_53' title='bbox 513 939 597 1012; x_wconf 77' lang='lat' dir='ltr'>snio,</span> <span class='ocrx_word' id='word_1_54' title='bbox 620 938 692 1017; x_wconf 81' lang='lat' dir='ltr'>plus</span> <span class='ocrx_word' id='word_1_55' title='bbox 708 939 816 1000; x_wconf 82' lang='lat' dir='ltr'>credet</span> <span class='ocrx_word' id='word_1_56' title='bbox 836 936 929 1005; x_wconf 86' lang='lat' dir='ltr'>mihi,</span> <span class='ocrx_word' id='word_1_57' title='bbox 951 954 1050 1011; x_wconf 88' lang='lat' dir='ltr'>quam</span> <span class='ocrx_word' id='word_1_58' title='bbox 1071 935 1174 1008; x_wconf 81' lang='lat' dir='ltr'>jurato</span> <span class='ocrx_word' id='word_1_59' title='bbox 1195 933 1265 994; x_wconf 86' lang='lat' dir='ltr'>tibi.</span> 
     </span>
     <span class='ocr_line' id='line_1_9' title="bbox 230 1013 1293 1103; baseline -0.008 -21"><span class='ocrx_word' id='word_1_60' title='bbox 230 1020 283 1082; x_wconf 91' lang='grc'>80.</span> <span class='ocrx_word' id='word_1_61' title='bbox 328 1020 410 1099; x_wconf 80' lang='lat' dir='ltr'>Quis</span> <span class='ocrx_word' id='word_1_62' title='bbox 439 1038 498 1103; x_wconf 82' lang='lat' dir='ltr'>ego</span> <span class='ocrx_word' id='word_1_63' title='bbox 527 1019 762 1090; x_wconf 69' lang='lat' dir='ltr'>tumultum,</span> <span class='ocrx_word' id='word_1_64' title='bbox 793 1019 821 1078; x_wconf 88' lang='lat' dir='ltr'>si</span> <span class='ocrx_word' id='word_1_65' title='bbox 849 1035 916 1075; x_wconf 89' lang='lat' dir='ltr'>non</span> <span class='ocrx_word' id='word_1_66' title='bbox 943 1034 1017 1076; x_wconf 87' lang='lat' dir='ltr'>sum</span> <span class='ocrx_word' id='word_1_67' title='bbox 1037 1013 1149 1077; x_wconf 83' lang='lat' dir='ltr'>Sosia?</span> <span class='ocrx_word' id='word_1_68' title='bbox 1177 1015 1224 1077; x_wconf 88' lang='lat' dir='ltr'>Te</span> <span class='ocrx_word' id='word_1_69' title='bbox 1243 1016 1293 1074; x_wconf 92' lang='lat' dir='ltr'>in·</span> 
     </span>
     <span class='ocr_line' id='line_1_10' title="bbox 747 1109 1294 1175; baseline -0.004 -15"><span class='ocrx_word' id='word_1_70' title='bbox 747 1115 884 1175; x_wconf 74' lang='lat' dir='ltr'>iumagu.</span> <span class='ocrx_word' id='word_1_71' title='bbox 1233 1109 1294 1172; x_wconf 77' lang='lat'>285</span> 
     </span>
     <span class='ocr_line' id='line_1_11' title="bbox 229 1180 1205 1267; baseline -0.006 -21"><span class='ocrx_word' id='word_1_72' title='bbox 229 1185 300 1250; x_wconf 81' lang='lat' dir='ltr'>Mu.</span> <span class='ocrx_word' id='word_1_73' title='bbox 343 1185 412 1247; x_wconf 92' lang='lat' dir='ltr'>Ubi</span> <span class='ocrx_word' id='word_1_74' title='bbox 432 1204 493 1267; x_wconf 80' lang='lat' dir='ltr'>ego</span> <span class='ocrx_word' id='word_1_75' title='bbox 514 1183 600 1245; x_wconf 89' lang='lat' dir='ltr'>Sosia</span> <span class='ocrx_word' id='word_1_76' title='bbox 620 1185 726 1242; x_wconf 90' lang='lat' dir='ltr'>nolim</span> <span class='ocrx_word' id='word_1_77' title='bbox 748 1198 830 1247; x_wconf 82' lang='lat' dir='ltr'>esse,</span> <span class='ocrx_word' id='word_1_78' title='bbox 850 1189 886 1235; x_wconf 90' lang='lat' dir='ltr'>tu</span> <span class='ocrx_word' id='word_1_79' title='bbox 908 1190 975 1236; x_wconf 91' lang='lat' dir='ltr'>esto</span> <span class='ocrx_word' id='word_1_80' title='bbox 998 1197 1074 1239; x_wconf 84' lang='lat' dir='ltr'>sane</span> <span class='ocrx_word' id='word_1_81' title='bbox 1094 1180 1205 1259; x_wconf 78' lang='grc' dir='ltr'>8οείος</span> 
     </span>
     <span class='ocr_line' id='line_1_12' title="bbox 228 1257 1292 1345; baseline -0.009 -14"><span class='ocrx_word' id='word_1_82' title='bbox 228 1270 337 1339; x_wconf 82' lang='lat' dir='ltr'>Nunc.</span> <span class='ocrx_word' id='word_1_83' title='bbox 359 1270 484 1345; x_wconf 86' lang='lat' dir='ltr'>qnando</span> <span class='ocrx_word' id='word_1_84' title='bbox 501 1285 560 1344; x_wconf 85' lang='lat' dir='ltr'>ego</span> <span class='ocrx_word' id='word_1_85' title='bbox 576 1283 660 1332; x_wconf 88' lang='lat' dir='ltr'>sum,</span> <span class='ocrx_word' id='word_1_86' title='bbox 677 1259 850 1339; x_wconf 80' lang='lat' dir='ltr'>vapulabis,</span> <span class='ocrx_word' id='word_1_87' title='bbox 872 1259 907 1316; x_wconf 88' lang='lat' dir='ltr'>ni</span> <span class='ocrx_word' id='word_1_88' title='bbox 927 1257 1005 1318; x_wconf 90' lang='lat' dir='ltr'>hinc</span> <span class='ocrx_word' id='word_1_89' title='bbox 1023 1261 1090 1319; x_wconf 84' lang='lat' dir='ltr'>abis</span> <span class='ocrx_word' id='word_1_90' title='bbox 1103 1263 1292 1342; x_wconf 81' lang='lat' dir='ltr'>ignominis.</span> 
     </span>
     <span class='ocr_line' id='line_1_13' title="bbox 201 1341 1295 1423; baseline -0.003 -13"><span class='ocrx_word' id='word_1_91' title='bbox 201 1405 204 1411; x_wconf 23' lang='lat' dir='ltr'>i</span> <span class='ocrx_word' id='word_1_92' title='bbox 229 1352 282 1415; x_wconf 88' lang='lat' dir='ltr'>So.</span> <span class='ocrx_word' id='word_1_93' title='bbox 319 1352 416 1410; x_wconf 77' lang='lat' dir='ltr'>Certe</span> <span class='ocrx_word' id='word_1_94' title='bbox 443 1345 576 1423; x_wconf 84' lang='lat' dir='ltr'>edepol,</span> <span class='ocrx_word' id='word_1_95' title='bbox 605 1361 704 1419; x_wconf 88' lang='lat' dir='ltr'>quom</span> <span class='ocrx_word' id='word_1_96' title='bbox 732 1341 838 1400; x_wconf 88' lang='lat' dir='ltr'>illunc</span> <span class='ocrx_word' id='word_1_97' title='bbox 871 1341 1057 1420; x_wconf 86' lang='lat' dir='ltr'>contemplo</span> <span class='ocrx_word' id='word_1_98' title='bbox 1094 1357 1126 1403; x_wconf 89' lang='lat' dir='ltr'>et</span> <span class='ocrx_word' id='word_1_99' title='bbox 1150 1345 1295 1407; x_wconf 81' lang='lat' dir='ltr'>formam</span> 
     </span>
     <span class='ocr_line' id='line_1_14' title="bbox 575 1442 1040 1505; baseline 0.009 -25"><span class='ocrx_word' id='word_1_100' title='bbox 575 1475 577 1480; x_wconf 91' lang='lat'><em>.</em></span> <span class='ocrx_word' id='word_1_101' title='bbox 746 1442 901 1505; x_wconf 87' lang='lat' dir='ltr'>cognosco</span> <span class='ocrx_word' id='word_1_102' title='bbox 922 1443 1040 1494; x_wconf 83' lang='lat' dir='ltr'>meam,</span> 
     </span>
     <span class='ocr_line' id='line_1_15' title="bbox 228 1501 1297 1590; baseline -0.002 -18"><span class='ocrx_word' id='word_1_103' title='bbox 228 1506 514 1590; x_wconf 81' lang='lat' dir='ltr'>Quemadmodum</span> <span class='ocrx_word' id='word_1_104' title='bbox 534 1525 596 1587; x_wconf 86' lang='lat' dir='ltr'>ego</span> <span class='ocrx_word' id='word_1_105' title='bbox 611 1525 685 1568; x_wconf 90' lang='lat' dir='ltr'>sum</span> <span class='ocrx_word' id='word_1_106' title='bbox 701 1501 809 1585; x_wconf 86' lang='lat' dir='ltr'>(saepe</span> <span class='ocrx_word' id='word_1_107' title='bbox 824 1507 860 1566; x_wconf 89' lang='lat' dir='ltr'>in</span> <span class='ocrx_word' id='word_1_108' title='bbox 874 1507 1043 1585; x_wconf 89' lang='lat' dir='ltr'>speculum</span> <span class='ocrx_word' id='word_1_109' title='bbox 1058 1507 1218 1586; x_wconf 84' lang='lat' dir='ltr'>inspexi):</span> <span class='ocrx_word' id='word_1_110' title='bbox 1241 1512 1297 1570; x_wconf 87' lang='lat' dir='ltr'>ni-</span> 
     </span>
     <span class='ocr_line' id='line_1_16' title="bbox 746 1588 1060 1657; baseline -0.003 -7"><span class='ocrx_word' id='word_1_111' title='bbox 746 1592 807 1650; x_wconf 89' lang='lat' dir='ltr'>mis</span> <span class='ocrx_word' id='word_1_112' title='bbox 829 1588 959 1649; x_wconf 82' lang='lat' dir='ltr'>similist</span> <span class='ocrx_word' id='word_1_113' title='bbox 979 1590 1060 1657; x_wconf 88' lang='lat' dir='ltr'>mei;</span> 
     </span>
     <span class='ocr_line' id='line_1_17' title="bbox 225 1670 1294 1753; baseline 0.001 -19"><span class='ocrx_word' id='word_1_114' title='bbox 225 1672 348 1738; x_wconf 80' lang='lat' dir='ltr'>Itidem</span> <span class='ocrx_word' id='word_1_115' title='bbox 367 1670 465 1732; x_wconf 81' lang='lat' dir='ltr'>habet</span> <span class='ocrx_word' id='word_1_116' title='bbox 486 1684 634 1753; x_wconf 84' lang='lat' dir='ltr'>petasum</span> <span class='ocrx_word' id='word_1_117' title='bbox 655 1691 693 1733; x_wconf 83' lang='grc'>00</span> <span class='ocrx_word' id='word_1_118' title='bbox 714 1674 886 1740; x_wconf 84' lang='lat' dir='ltr'>vestitum3</span> <span class='ocrx_word' id='word_1_119' title='bbox 909 1685 978 1733; x_wconf 88' lang='lat' dir='ltr'>tam</span> <span class='ocrx_word' id='word_1_120' title='bbox 991 1672 1180 1733; x_wconf 86' lang='lat' dir='ltr'>consimilist</span> <span class='ocrx_word' id='word_1_121' title='bbox 1195 1685 1294 1752; x_wconf 85' lang='lat' dir='ltr'>atque</span> 
     </span>
     <span class='ocr_line' id='line_1_18' title="bbox 489 1752 1292 1838; baseline -0.001 -20"><span class='ocrx_word' id='word_1_122' title='bbox 489 1767 492 1776; x_wconf 61' lang='lat'>¹</span> <span class='ocrx_word' id='word_1_123' title='bbox 596 1752 600 1760; x_wconf 81' lang='grc'><strong>’</strong></span> <span class='ocrx_word' id='word_1_124' title='bbox 745 1775 821 1838; x_wconf 83' lang='lat' dir='ltr'>ego:</span> <span class='ocrx_word' id='word_1_125' title='bbox 843 1790 885 1803; x_wconf 93' lang='lat'>-</span> <span class='ocrx_word' id='word_1_126' title='bbox 1230 1776 1292 1835; x_wconf 82' lang='grc'>090</span> 
     </span>
     <span class='ocr_line' id='line_1_19' title="bbox 227 1836 1249 1916; baseline -0.002 -18"><span class='ocrx_word' id='word_1_127' title='bbox 227 1837 317 1906; x_wconf 86' lang='lat' dir='ltr'>Sura,</span> <span class='ocrx_word' id='word_1_128' title='bbox 338 1856 405 1916; x_wconf 89' lang='lat' dir='ltr'>pes,</span> <span class='ocrx_word' id='word_1_129' title='bbox 426 1849 558 1907; x_wconf 79' lang='lat' dir='ltr'>statura,</span> <span class='ocrx_word' id='word_1_130' title='bbox 576 1851 701 1912; x_wconf 79' lang='lat' dir='ltr'>tonsus,</span> <span class='ocrx_word' id='word_1_131' title='bbox 721 1838 819 1907; x_wconf 88' lang='lat' dir='ltr'>oculi,</span> <span class='ocrx_word' id='word_1_132' title='bbox 840 1855 970 1907; x_wconf 84' lang='lat' dir='ltr'>nasum,</span> <span class='ocrx_word' id='word_1_133' title='bbox 990 1836 1041 1897; x_wconf 84' lang='lat' dir='ltr'>vel</span> <span class='ocrx_word' id='word_1_134' title='bbox 1061 1836 1159 1906; x_wconf 81' lang='lat' dir='ltr'>labra,</span> <span class='ocrx_word' id='word_1_135' title='bbox 1246 1883 1249 1890; x_wconf 85' lang='lat'><em>.</em></span> 
     </span>
     <span class='ocr_line' id='line_1_20' title="bbox 226 1915 1291 1999; baseline 0.005 -22"><span class='ocrx_word' id='word_1_136' title='bbox 226 1916 353 1989; x_wconf 87' lang='lat' dir='ltr'>Malae,</span> <span class='ocrx_word' id='word_1_137' title='bbox 381 1934 550 1989; x_wconf 87' lang='lat' dir='ltr'>mentum,</span> <span class='ocrx_word' id='word_1_138' title='bbox 581 1921 695 1995; x_wconf 82' lang='lat' dir='ltr'>barba,</span> <span class='ocrx_word' id='word_1_139' title='bbox 724 1921 866 1989; x_wconf 87' lang='lat' dir='ltr'>collum,</span> <span class='ocrx_word' id='word_1_140' title='bbox 891 1915 1066 1985; x_wconf 77' lang='lat' dir='ltr'>‘totus....</span> <span class='ocrx_word' id='word_1_141' title='bbox 1087 1920 1164 1999; x_wconf 88' lang='lat' dir='ltr'>quid</span> <span class='ocrx_word' id='word_1_142' title='bbox 1187 1920 1291 1982; x_wconf 80' lang='lat' dir='ltr'>verbis</span> 
     </span>
     <span class='ocr_line' id='line_1_21' title="bbox 459 2002 862 2075; baseline -0.01 -11"><span class='ocrx_word' id='word_1_143' title='bbox 459 2066 464 2075; x_wconf 65' lang='grc'><strong><em>,</em></strong></span> <span class='ocrx_word' id='word_1_144' title='bbox 744 2025 763 2063; x_wconf 92' lang='grc'>0</span> <span class='ocrx_word' id='word_1_145' title='bbox 786 2002 862 2070; x_wconf 82' lang='lat' dir='ltr'>ust?</span> 
     </span>
     <span class='ocr_line' id='line_1_22' title="bbox 224 2023 1218 2169; baseline 0 -22"><span class='ocrx_word' id='word_1_146' title='bbox 224 2086 371 2169; x_wconf 82' lang='lat' dir='ltr'>Tergum</span> <span class='ocrx_word' id='word_1_147' title='bbox 393 2087 418 2149; x_wconf 88' lang='lat' dir='ltr'>si</span> <span class='ocrx_word' id='word_1_148' title='bbox 434 2086 668 2156; x_wconf 73' lang='lat' dir='ltr'>cicatricosam,</span> <span class='ocrx_word' id='word_1_149' title='bbox 690 2023 785 2146; x_wconf 62' lang='lat' dir='ltr'>nihii</span> <span class='ocrx_word' id='word_1_150' title='bbox 796 2085 859 2144; x_wconf 91' lang='lat' dir='ltr'>hoc</span> <span class='ocrx_word' id='word_1_151' title='bbox 880 2085 981 2144; x_wconf 79' lang='lat' dir='ltr'>simili</span> <span class='ocrx_word' id='word_1_152' title='bbox 1001 2097 1050 2144; x_wconf 83' lang='lat' dir='ltr'>est</span> <span class='ocrx_word' id='word_1_153' title='bbox 1071 2085 1218 2147; x_wconf 84' lang='lat' dir='ltr'>similius.</span> 
     </span>
     <span class='ocr_line' id='line_1_23' title="bbox 225 2166 1288 2250; baseline 0 -21"><span class='ocrx_word' id='word_1_154' title='bbox 225 2169 288 2229; x_wconf 89' lang='lat' dir='ltr'>Sed</span> <span class='ocrx_word' id='word_1_155' title='bbox 303 2188 403 2248; x_wconf 89' lang='lat' dir='ltr'>quom</span> <span class='ocrx_word' id='word_1_156' title='bbox 416 2172 534 2250; x_wconf 81' lang='lat' dir='ltr'>cogito,</span> <span class='ocrx_word' id='word_1_157' title='bbox 543 2171 694 2247; x_wconf 87' lang='lat' dir='ltr'>equidem</span> <span class='ocrx_word' id='word_1_158' title='bbox 709 2183 796 2229; x_wconf 85' lang='lat' dir='ltr'>certe</span> <span class='ocrx_word' id='word_1_159' title='bbox 814 2188 886 2228; x_wconf 88' lang='lat' dir='ltr'>sum</span> <span class='ocrx_word' id='word_1_160' title='bbox 900 2166 999 2238; x_wconf 87' lang='lat' dir='ltr'>idem,</span> <span class='ocrx_word' id='word_1_161' title='bbox 1012 2168 1068 2246; x_wconf 90' lang='lat' dir='ltr'>qui</span> <span class='ocrx_word' id='word_1_162' title='bbox 1084 2188 1209 2246; x_wconf 81' lang='lat' dir='ltr'><strong>semper</strong></span> <span class='ocrx_word' id='word_1_163' title='bbox 1222 2167 1288 2229; x_wconf 85' lang='lat' dir='ltr'>fui:</span> 
     </span>
     <span class='ocr_line' id='line_1_24' title="bbox 223 2251 1290 2330; baseline -0.003 -19"><span class='ocrx_word' id='word_1_164' title='bbox 223 2253 308 2315; x_wconf 91' lang='lat' dir='ltr'>Novi</span> <span class='ocrx_word' id='word_1_165' title='bbox 325 2251 452 2319; x_wconf 82' lang='lat' dir='ltr'>herum,</span> <span class='ocrx_word' id='word_1_166' title='bbox 474 2253 546 2312; x_wconf 89' lang='lat' dir='ltr'>novi</span> <span class='ocrx_word' id='word_1_167' title='bbox 562 2253 648 2312; x_wconf 81' lang='lat' dir='ltr'>aedis</span> <span class='ocrx_word' id='word_1_168' title='bbox 668 2266 808 2313; x_wconf 86' lang='lat' dir='ltr'>nostras:</span> <span class='ocrx_word' id='word_1_169' title='bbox 832 2268 906 2311; x_wconf 88' lang='lat' dir='ltr'>sane</span> <span class='ocrx_word' id='word_1_170' title='bbox 924 2251 1009 2328; x_wconf 81' lang='lat' dir='ltr'>sapio</span> <span class='ocrx_word' id='word_1_171' title='bbox 1029 2264 1062 2309; x_wconf 89' lang='lat' dir='ltr'>et</span> <span class='ocrx_word' id='word_1_172' title='bbox 1078 2254 1198 2311; x_wconf 89' lang='lat' dir='ltr'>sentio:</span> <span class='ocrx_word' id='word_1_173' title='bbox 1228 2259 1290 2330; x_wconf 79' lang='lat'>295</span> 
     </span>
     <span class='ocr_line' id='line_1_25' title="bbox 173 2333 1218 2416; baseline 0 -22"><span class='ocrx_word' id='word_1_174' title='bbox 173 2367 175 2372; x_wconf 96' lang='lat'>·</span> <span class='ocrx_word' id='word_1_175' title='bbox 223 2333 301 2395; x_wconf 88' lang='lat' dir='ltr'>Non</span> <span class='ocrx_word' id='word_1_176' title='bbox 322 2355 381 2416; x_wconf 81' lang='lat' dir='ltr'>ego</span> <span class='ocrx_word' id='word_1_177' title='bbox 403 2335 451 2397; x_wconf 90' lang='lat' dir='ltr'>illi</span> <span class='ocrx_word' id='word_1_178' title='bbox 472 2335 670 2413; x_wconf 84' lang='lat' dir='ltr'>obtempero,</span> <span class='ocrx_word' id='word_1_179' title='bbox 694 2335 779 2412; x_wconf 83' lang='lat' dir='ltr'>quod</span> <span class='ocrx_word' id='word_1_180' title='bbox 798 2334 959 2412; x_wconf 81' lang='lat' dir='ltr'>loquitur:</span> <span class='ocrx_word' id='word_1_181' title='bbox 982 2334 1110 2411; x_wconf 80' lang='lat' dir='ltr'>pultabo</span> <span class='ocrx_word' id='word_1_182' title='bbox 1132 2335 1218 2395; x_wconf 85' lang='lat' dir='ltr'>ioris.</span> 
     </span>
     <span class='ocr_line' id='line_1_26' title="bbox 223 2412 1290 2499; baseline 0 -23"><span class='ocrx_word' id='word_1_183' title='bbox 223 2415 294 2479; x_wconf 74' lang='lat' dir='ltr'>Ma.</span> <span class='ocrx_word' id='word_1_184' title='bbox 325 2419 398 2496; x_wconf 84' lang='lat' dir='ltr'>Quo</span> <span class='ocrx_word' id='word_1_185' title='bbox 414 2418 551 2499; x_wconf 72' lang='lat' dir='ltr'>aginta?</span> <span class='ocrx_word' id='word_1_186' title='bbox 594 2416 645 2478; x_wconf 89' lang='grc'>80.</span> <span class='ocrx_word' id='word_1_187' title='bbox 675 2418 835 2479; x_wconf 84' lang='lat' dir='ltr'>Domum.</span> <span class='ocrx_word' id='word_1_188' title='bbox 878 2412 947 2477; x_wconf 81' lang='lat' dir='ltr'>Mn.</span> <span class='ocrx_word' id='word_1_189' title='bbox 969 2415 1140 2496; x_wconf 80' lang='lat' dir='ltr'>Quadrigis</span> <span class='ocrx_word' id='word_1_190' title='bbox 1161 2418 1187 2478; x_wconf 85' lang='lat' dir='ltr'>si</span> <span class='ocrx_word' id='word_1_191' title='bbox 1199 2435 1290 2476; x_wconf 87' lang='lat' dir='ltr'>nunc</span> 
     </span>
     <span class='ocr_line' id='line_1_27' title="bbox 739 2497 1012 2562; baseline -0.022 0"><span class='ocrx_word' id='word_1_192' title='bbox 739 2498 907 2562; x_wconf 81' lang='lat' dir='ltr'>inscendas</span> <span class='ocrx_word' id='word_1_193' title='bbox 928 2497 1012 2557; x_wconf 92' lang='lat' dir='ltr'>Iovis</span> 
     </span>
    </p>
   </div>
   <div class='ocr_carea' id='block_1_3' title="bbox 120 2580 1260 2661">
    <p class='ocr_par' dir='ltr' id='par_1_3' title="bbox 120 2580 1260 2661">
     <span class='ocr_line' id='line_1_28' title="bbox 120 2580 1260 2661; baseline 0 -22"><span class='ocrx_word' id='word_1_194' title='bbox 120 2638 124 2648; x_wconf 87' lang='grc'>,</span> <span class='ocrx_word' id='word_1_195' title='bbox 223 2586 332 2660; x_wconf 82' lang='lat' dir='ltr'><strong>Atque</strong></span> <span class='ocrx_word' id='word_1_196' title='bbox 352 2580 432 2644; x_wconf 87' lang='lat' dir='ltr'>hinc</span> <span class='ocrx_word' id='word_1_197' title='bbox 451 2582 569 2661; x_wconf 72' lang='lat' dir='ltr'>fugias,</span> <span class='ocrx_word' id='word_1_198' title='bbox 588 2584 635 2642; x_wconf 87' lang='lat' dir='ltr'>ita</span> <span class='ocrx_word' id='word_1_199' title='bbox 650 2586 705 2642; x_wconf 80' lang='lat' dir='ltr'>vix</span> <span class='ocrx_word' id='word_1_200' title='bbox 718 2583 839 2660; x_wconf 85' lang='lat' dir='ltr'>poteris</span> <span class='ocrx_word' id='word_1_201' title='bbox 852 2581 1004 2661; x_wconf 76' lang='lat' dir='ltr'>aufugere</span> <span class='ocrx_word' id='word_1_202' title='bbox 1024 2582 1260 2642; x_wconf 85' lang='lat' dir='ltr'>infortunium!</span> 
     </span>
    </p>
   </div>
   <div class='ocr_carea' id='block_1_4' title="bbox 183 2661 1290 3157">
    <p class='ocr_par' dir='ltr' id='par_1_4' title="bbox 224 2661 1290 2815">
     <span class='ocr_line' id='line_1_29' title="bbox 224 2661 1290 2740; baseline 0.002 -17"><span class='ocrx_word' id='word_1_203' title='bbox 224 2663 277 2726; x_wconf 86' lang='lat' dir='ltr'>So.</span> <span class='ocrx_word' id='word_1_204' title='bbox 320 2664 440 2723; x_wconf 82' lang='lat' dir='ltr'>Nonne</span> <span class='ocrx_word' id='word_1_205' title='bbox 459 2663 556 2725; x_wconf 85' lang='lat' dir='ltr'>herae</span> <span class='ocrx_word' id='word_1_206' title='bbox 576 2684 669 2726; x_wconf 84' lang='lat' dir='ltr'>meae</span> <span class='ocrx_word' id='word_1_207' title='bbox 689 2666 857 2732; x_wconf 83' lang='lat' dir='ltr'>nuntiare,</span> <span class='ocrx_word' id='word_1_208' title='bbox 886 2663 972 2740; x_wconf 91' lang='lat' dir='ltr'>quod</span> <span class='ocrx_word' id='word_1_209' title='bbox 992 2661 1090 2724; x_wconf 85' lang='lat' dir='ltr'>herus</span> <span class='ocrx_word' id='word_1_210' title='bbox 1110 2685 1203 2725; x_wconf 88' lang='lat' dir='ltr'>meus</span> <span class='ocrx_word' id='word_1_211' title='bbox 1223 2663 1290 2740; x_wconf 89' lang='lat' dir='ltr'>jus-</span> 
     </span>
     <span class='ocr_line' id='line_1_30' title="bbox 743 2744 916 2815; baseline -0.017 -9"><span class='ocrx_word' id='word_1_212' title='bbox 743 2748 794 2815; x_wconf 86' lang='lat' dir='ltr'>sit,</span> <span class='ocrx_word' id='word_1_213' title='bbox 815 2744 916 2805; x_wconf 86' lang='lat' dir='ltr'>licet?</span> 
     </span>
    </p>

    <p class='ocr_par' dir='ltr' id='par_1_5' title="bbox 224 2822 1289 2908">
     <span class='ocr_line' id='line_1_31' title="bbox 224 2822 1289 2908; baseline 0.008 -23"><span class='ocrx_word' id='word_1_214' title='bbox 224 2822 295 2891; x_wconf 79' lang='lat' dir='ltr'>Mu.</span> <span class='ocrx_word' id='word_1_215' title='bbox 338 2828 446 2902; x_wconf 87' lang='lat' dir='ltr'>Tuae,</span> <span class='ocrx_word' id='word_1_216' title='bbox 476 2828 503 2889; x_wconf 91' lang='lat' dir='ltr'>si</span> <span class='ocrx_word' id='word_1_217' title='bbox 529 2828 680 2908; x_wconf 68' lang='lat' dir='ltr'>quiduis</span> <span class='ocrx_word' id='word_1_218' title='bbox 714 2828 884 2896; x_wconf 73' lang='lat' dir='ltr'>nuntiarat</span> <span class='ocrx_word' id='word_1_219' title='bbox 919 2826 1005 2887; x_wconf 83' lang='lat' dir='ltr'>hauc</span> <span class='ocrx_word' id='word_1_220' title='bbox 1031 2842 1176 2893; x_wconf 84' lang='lat' dir='ltr'>nostram</span> <span class='ocrx_word' id='word_1_221' title='bbox 1200 2830 1289 2893; x_wconf 84' lang='lat' dir='ltr'>edire</span> 
     </span>
    </p>

    <p class='ocr_par' dir='ltr' id='par_1_6' title="bbox 431 2929 1289 2989">
     <span class='ocr_line' id='line_1_32' title="bbox 431 2929 1289 2989; baseline 0.006 -19"><span class='ocrx_word' id='word_1_222' title='bbox 431 2931 435 2944; x_wconf 59' lang='lat'><em>¹</em></span> <span class='ocrx_word' id='word_1_223' title='bbox 741 2930 808 2970; x_wconf 90' lang='lat' dir='ltr'>non</span> <span class='ocrx_word' id='word_1_224' title='bbox 829 2929 943 2972; x_wconf 79' lang='lat' dir='ltr'>sinam.</span> <span class='ocrx_word' id='word_1_225' title='bbox 1225 2933 1289 2989; x_wconf 76' lang='lat'>500</span> 
     </span>
    </p>

    <p class='ocr_par' dir='ltr' id='par_1_7' title="bbox 183 2989 1265 3075">
     <span class='ocr_line' id='line_1_33' title="bbox 183 2989 1265 3075; baseline 0.001 -22"><span class='ocrx_word' id='word_1_226' title='bbox 183 3044 187 3053; x_wconf 91' lang='lat'>.</span> <span class='ocrx_word' id='word_1_227' title='bbox 222 2989 358 3056; x_wconf 78' lang='lat' dir='ltr'>Namsi</span> <span class='ocrx_word' id='word_1_228' title='bbox 379 3014 434 3055; x_wconf 85' lang='lat' dir='ltr'>ma</span> <span class='ocrx_word' id='word_1_229' title='bbox 454 2994 624 3063; x_wconf 81' lang='lat' dir='ltr'>inritassis,</span> <span class='ocrx_word' id='word_1_230' title='bbox 645 2993 743 3054; x_wconf 85' lang='lat' dir='ltr'>hodie</span> <span class='ocrx_word' id='word_1_231' title='bbox 764 2993 1011 3075; x_wconf 79' lang='lat' dir='ltr'>lumbifragium</span> <span class='ocrx_word' id='word_1_232' title='bbox 1032 2993 1110 3057; x_wconf 87' lang='lat' dir='ltr'>hinc</span> <span class='ocrx_word' id='word_1_233' title='bbox 1125 2995 1265 3056; x_wconf 78' lang='lat' dir='ltr'>auferes!</span> 
     </span>
    </p>

    <p class='ocr_par' dir='ltr' id='par_1_8' title="bbox 224 3072 1287 3157">
     <span class='ocr_line' id='line_1_34' title="bbox 224 3072 1287 3157; baseline 0.008 -26"><span class='ocrx_word' id='word_1_234' title='bbox 224 3072 276 3132; x_wconf 88' lang='lat' dir='ltr'>So.</span> <span class='ocrx_word' id='word_1_235' title='bbox 320 3074 409 3136; x_wconf 80' lang='lat' dir='ltr'>Adeo</span> <span class='ocrx_word' id='word_1_236' title='bbox 430 3078 545 3157; x_wconf 80' lang='lat' dir='ltr'>potius.</span> <span class='ocrx_word' id='word_1_237' title='bbox 575 3077 619 3136; x_wconf 92' lang='lat' dir='ltr'>Di</span> <span class='ocrx_word' id='word_1_238' title='bbox 632 3077 839 3147; x_wconf 87' lang='lat' dir='ltr'>inmortales,</span> <span class='ocrx_word' id='word_1_239' title='bbox 862 3077 992 3137; x_wconf 87' lang='lat' dir='ltr'>obsecro</span> <span class='ocrx_word' id='word_1_240' title='bbox 1014 3091 1151 3145; x_wconf 68' lang='lat' dir='ltr'>vostram</span> <span class='ocrx_word' id='word_1_241' title='bbox 1173 3076 1287 3148; x_wconf 82' lang='lat' dir='ltr'>iidem,</span> 
     </span>
    </p>
   </div>
   <div class='ocr_carea' id='block_1_5' title="bbox 222 3155 1287 3322">
    <p class='ocr_par' dir='ltr' id='par_1_9' title="bbox 222 3155 1287 3322">
     <span class='ocr_line' id='line_1_35' title="bbox 222 3155 1287 3303; baseline 0.008 -88"><span class='ocrx_word' id='word_1_242' title='bbox 222 3155 289 3216; x_wconf 90' lang='lat' dir='ltr'>Ubi</span> <span class='ocrx_word' id='word_1_243' title='bbox 317 3175 376 3237; x_wconf 81' lang='lat' dir='ltr'>ego</span> <span class='ocrx_word' id='word_1_244' title='bbox 408 3159 515 3239; x_wconf 84' lang='lat' dir='ltr'>perii?</span> <span class='ocrx_word' id='word_1_245' title='bbox 551 3160 608 3220; x_wconf 90' lang='lat' dir='ltr'>ubi</span> <span class='ocrx_word' id='word_1_246' title='bbox 634 3160 939 3303; x_wconf 54' lang='grc' dir='ltr'><strong>10000000οἑἰέιέωὲ</strong></span> <span class='ocrx_word' id='word_1_247' title='bbox 969 3161 1026 3222; x_wconf 89' lang='lat' dir='ltr'>ubi</span> <span class='ocrx_word' id='word_1_248' title='bbox 1052 3179 1113 3239; x_wconf 84' lang='lat' dir='ltr'>ego</span> <span class='ocrx_word' id='word_1_249' title='bbox 1144 3161 1287 3224; x_wconf 82' lang='lat' dir='ltr'>formam</span> 
     </span>
     <span class='ocr_line' id='line_1_36' title="bbox 738 3261 795 3322; baseline 0.053 -21"><span class='ocrx_word' id='word_1_250' title='bbox 738 3261 795 3322; x_wconf 85' lang='lat' dir='ltr'>per</span> 
     </span>
    </p>
   </div>
   <div class='ocr_carea' id='block_1_6' title="bbox 219 3446 1289 3722">
    <p class='ocr_par' dir='ltr' id='par_1_10' title="bbox 219 3446 1289 3722">
     <span class='ocr_line' id='line_1_37' title="bbox 287 3446 1288 3521; baseline 0.004 -20"><span class='ocrx_word' id='word_1_251' title='bbox 287 3457 346 3515; x_wconf 76' lang='lat'>285.</span> <span class='ocrx_word' id='word_1_252' title='bbox 379 3450 480 3519; x_wconf 77' lang='lat' dir='ltr'>injure.</span> <span class='ocrx_word' id='word_1_253' title='bbox 515 3451 577 3505; x_wconf 89' lang='lat' dir='ltr'>Hoc</span> <span class='ocrx_word' id='word_1_254' title='bbox 600 3449 757 3521; x_wconf 85' lang='lat' dir='ltr'>requirunt</span> <span class='ocrx_word' id='word_1_255' title='bbox 780 3449 942 3520; x_wconf 83' lang='lat' dir='ltr'>sequentia,</span> <span class='ocrx_word' id='word_1_256' title='bbox 966 3467 1024 3502; x_wconf 86' lang='lat' dir='ltr'>non</span> <span class='ocrx_word' id='word_1_257' title='bbox 1040 3455 1104 3519; x_wconf 81' lang='lat' dir='ltr'>juro</span> <span class='ocrx_word' id='word_1_258' title='bbox 1123 3446 1288 3520; x_wconf 69' lang='lat' dir='ltr'>vulg&#39;stnm.</span> 
     </span>
     <span class='ocr_line' id='line_1_38' title="bbox 219 3514 1287 3588; baseline 0.007 -23"><span class='ocrx_word' id='word_1_259' title='bbox 219 3514 326 3584; x_wconf 83' lang='lat' dir='ltr'>Rapuit</span> <span class='ocrx_word' id='word_1_260' title='bbox 351 3518 594 3588; x_wconf 81' lang='lat' dir='ltr'>praepositionem</span> <span class='ocrx_word' id='word_1_261' title='bbox 618 3518 719 3572; x_wconf 86' lang='lat' dir='ltr'>littera</span> <span class='ocrx_word' id='word_1_262' title='bbox 740 3536 770 3570; x_wconf 91' lang='lat' dir='ltr'>m</span> <span class='ocrx_word' id='word_1_263' title='bbox 790 3517 909 3582; x_wconf 88' lang='lat' dir='ltr'>similis,</span> <span class='ocrx_word' id='word_1_264' title='bbox 930 3533 1003 3585; x_wconf 87' lang='lat' dir='ltr'>quae</span> <span class='ocrx_word' id='word_1_265' title='bbox 1021 3519 1184 3584; x_wconf 77' lang='lat' dir='ltr'>antecedit,</span> <span class='ocrx_word' id='word_1_266' title='bbox 1207 3523 1287 3572; x_wconf 88' lang='lat' dir='ltr'>sicut</span> 
     </span>
     <span class='ocr_line' id='line_1_39' title="bbox 220 3583 1289 3653; baseline 0.01 -23"><span class='ocrx_word' id='word_1_267' title='bbox 220 3598 357 3635; x_wconf 82' lang='lat' dir='ltr'>nonraro</span> <span class='ocrx_word' id='word_1_268' title='bbox 372 3583 539 3637; x_wconf 75' lang='lat' dir='ltr'>factumest</span> <span class='ocrx_word' id='word_1_269' title='bbox 557 3587 587 3637; x_wconf 90' lang='lat' dir='ltr'>in</span> <span class='ocrx_word' id='word_1_270' title='bbox 598 3585 693 3638; x_wconf 83' lang='lat' dir='ltr'>libris.</span> <span class='ocrx_word' id='word_1_271' title='bbox 746 3595 803 3652; x_wconf 77' lang='lat'><strong>285.</strong></span> <span class='ocrx_word' id='word_1_272' title='bbox 826 3585 964 3635; x_wconf 83' lang='lat' dir='ltr'>Extrema</span> <span class='ocrx_word' id='word_1_273' title='bbox 987 3584 1099 3653; x_wconf 72' lang='lat' dir='ltr'>syllaba</span> <span class='ocrx_word' id='word_1_274' title='bbox 1117 3586 1147 3636; x_wconf 91' lang='lat' dir='ltr'>in</span> <span class='ocrx_word' id='word_1_275' title='bbox 1165 3588 1289 3641; x_wconf 81' lang='lat' dir='ltr'>nomine</span> 
     </span>
     <span class='ocr_line' id='line_1_40' title="bbox 224 3647 1286 3722; baseline 0.009 -27"><span class='ocrx_word' id='word_1_276' title='bbox 224 3647 303 3698; x_wconf 76' lang='lat' dir='ltr'>Sosio</span> <span class='ocrx_word' id='word_1_277' title='bbox 328 3668 381 3717; x_wconf 81' lang='lat' dir='ltr'>pro</span> <span class='ocrx_word' id='word_1_278' title='bbox 402 3648 490 3721; x_wconf 79' lang='lat' dir='ltr'>longa</span> <span class='ocrx_word' id='word_1_279' title='bbox 509 3660 552 3703; x_wconf 81' lang='lat' dir='ltr'>est</span> <span class='ocrx_word' id='word_1_280' title='bbox 572 3663 692 3722; x_wconf 86' lang='lat' dir='ltr'>propter</span> <span class='ocrx_word' id='word_1_281' title='bbox 713 3651 986 3721; x_wconf 74' lang='lat' dir='ltr'>interpunctionem,</span> <span class='ocrx_word' id='word_1_282' title='bbox 1006 3652 1051 3710; x_wconf 82' lang='lat' dir='ltr'>cf.</span> <span class='ocrx_word' id='word_1_283' title='bbox 1071 3668 1131 3720; x_wconf 79' lang='lat'>730,</span> <span class='ocrx_word' id='word_1_284' title='bbox 1150 3653 1201 3708; x_wconf 86' lang='lat' dir='ltr'>Ba.</span> <span class='ocrx_word' id='word_1_285' title='bbox 1221 3655 1286 3719; x_wconf 72' lang='lat'>566.</span> 
     </span>
    </p>
   </div>
   <div class='ocr_carea' id='block_1_7' title="bbox 220 3713 1289 3831">
    <p class='ocr_par' dir='ltr' id='par_1_11' title="bbox 220 3713 1289 3831">
     <span class='ocr_line' id='line_1_41' title="bbox 220 3713 1289 3831; baseline 0.005 -65"><span class='ocrx_word' id='word_1_286' title='bbox 220 3713 392 3831; x_wconf 58' lang='lat' dir='ltr'>Captlprol.</span> <span class='ocrx_word' id='word_1_287' title='bbox 408 3735 459 3784; x_wconf 86' lang='lat'><strong>11.,</strong></span> <span class='ocrx_word' id='word_1_288' title='bbox 479 3727 507 3770; x_wconf 90' lang='lat' dir='ltr'>et</span> <span class='ocrx_word' id='word_1_289' title='bbox 522 3718 640 3771; x_wconf 80' lang='lat' dir='ltr'>fortasse</span> <span class='ocrx_word' id='word_1_290' title='bbox 654 3719 776 3771; x_wconf 82' lang='lat' dir='ltr'>Parasiti</span> <span class='ocrx_word' id='word_1_291' title='bbox 790 3716 867 3787; x_wconf 83' lang='lat' dir='ltr'>pigri</span> <span class='ocrx_word' id='word_1_292' title='bbox 878 3715 983 3785; x_wconf 79' lang='lat' dir='ltr'>fragm,</span> <span class='ocrx_word' id='word_1_293' title='bbox 1001 3726 1023 3783; x_wconf 55' lang='grc' dir='ltr'>ι.</span> <span class='ocrx_word' id='word_1_294' title='bbox 1039 3734 1069 3782; x_wconf 78' lang='lat'>23</span> <span class='ocrx_word' id='word_1_295' title='bbox 1082 3717 1154 3771; x_wconf 88' lang='lat' dir='ltr'>item</span> <span class='ocrx_word' id='word_1_296' title='bbox 1168 3723 1289 3791; x_wconf 68' lang='grc'><strong>010607,</strong></span> 
     </span>
    </p>
   </div>
   <div class='ocr_carea' id='block_1_8' title="bbox 219 3783 1288 3855">
    <p class='ocr_par' dir='ltr' id='par_1_12' title="bbox 219 3783 1288 3855">
     <span class='ocr_line' id='line_1_42' title="bbox 219 3783 1288 3855; baseline 0.007 -25"><span class='ocrx_word' id='word_1_297' title='bbox 219 3789 274 3832; x_wconf 87' lang='lat' dir='ltr'>etc.</span> <span class='ocrx_word' id='word_1_298' title='bbox 337 3800 384 3835; x_wconf 88' lang='lat' dir='ltr'>am</span> <span class='ocrx_word' id='word_1_299' title='bbox 401 3785 457 3836; x_wconf 79' lang='lat' dir='ltr'>Ted</span> <span class='ocrx_word' id='word_1_300' title='bbox 475 3784 535 3855; x_wconf 81' lang='lat' dir='ltr'>legi</span> <span class='ocrx_word' id='word_1_301' title='bbox 547 3784 639 3837; x_wconf 90' lang='lat' dir='ltr'>nolim</span> <span class='ocrx_word' id='word_1_302' title='bbox 654 3796 820 3855; x_wconf 82' lang='lat' dir='ltr'>propteroa,</span> <span class='ocrx_word' id='word_1_303' title='bbox 841 3783 918 3853; x_wconf 86' lang='lat' dir='ltr'>quod</span> <span class='ocrx_word' id='word_1_304' title='bbox 936 3801 1096 3852; x_wconf 87' lang='lat' dir='ltr'>pronomen</span> <span class='ocrx_word' id='word_1_305' title='bbox 1115 3785 1191 3837; x_wconf 91' lang='lat' dir='ltr'>illud</span> <span class='ocrx_word' id='word_1_306' title='bbox 1210 3786 1288 3848; x_wconf 75' lang='lat' dir='ltr'>loco,</span> 
     </span>
    </p>
   </div>
   <div class='ocr_carea' id='block_1_9' title="bbox 216 3852 1291 4113">
    <p class='ocr_par' dir='ltr' id='par_1_13' title="bbox 216 3852 1291 4113">
     <span class='ocr_line' id='line_1_43' title="bbox 217 3852 1290 3941; baseline 0.009 -33"><span class='ocrx_word' id='word_1_307' title='bbox 217 3873 275 3909; x_wconf 87' lang='lat' dir='ltr'>non</span> <span class='ocrx_word' id='word_1_308' title='bbox 291 3869 337 3941; x_wconf 44' lang='lat' dir='ltr'>&#39;est</span> <span class='ocrx_word' id='word_1_309' title='bbox 352 3852 552 3924; x_wconf 60' lang='grc' dir='ltr'>ἕοθοτονὲμενον.</span> <span class='ocrx_word' id='word_1_310' title='bbox 573 3864 630 3925; x_wconf 80' lang='grc'><strong>086.</strong></span> <span class='ocrx_word' id='word_1_311' title='bbox 639 3866 722 3915; x_wconf 85' lang='lat' dir='ltr'>nolim</span> <span class='ocrx_word' id='word_1_312' title='bbox 732 3864 810 3916; x_wconf 84' lang='lat' dir='ltr'>haud</span> <span class='ocrx_word' id='word_1_313' title='bbox 822 3861 957 3932; x_wconf 86' lang='lat' dir='ltr'>liquescit</span> <span class='ocrx_word' id='word_1_314' title='bbox 969 3862 1034 3922; x_wconf 81' lang='lat' dir='ltr'>hoc.</span> <span class='ocrx_word' id='word_1_315' title='bbox 1068 3874 1124 3934; x_wconf 78' lang='lat'>237,</span> <span class='ocrx_word' id='word_1_316' title='bbox 1135 3866 1290 3932; x_wconf 80' lang='lat' dir='ltr'>ignominis</span> 
     </span>
     <span class='ocr_line' id='line_1_44' title="bbox 218 3932 1291 4003; baseline 0.011 -23"><span class='ocrx_word' id='word_1_317' title='bbox 218 3943 334 3983; x_wconf 86' lang='lat' dir='ltr'>numme</span> <span class='ocrx_word' id='word_1_318' title='bbox 347 3932 473 4000; x_wconf 83' lang='lat' dir='ltr'>privatus</span> <span class='ocrx_word' id='word_1_319' title='bbox 481 3952 490 3997; x_wconf 81' lang='lat'>3</span> <span class='ocrx_word' id='word_1_320' title='bbox 509 3935 586 3988; x_wconf 84' lang='lat' dir='ltr'>unde</span> <span class='ocrx_word' id='word_1_321' title='bbox 608 3935 772 3989; x_wconf 83' lang='lat' dir='ltr'>derivatum</span> <span class='ocrx_word' id='word_1_322' title='bbox 794 3938 955 4003; x_wconf 79' lang='lat' dir='ltr'>ignominia.</span> <span class='ocrx_word' id='word_1_323' title='bbox 987 3937 1031 3990; x_wconf 83' lang='lat' dir='ltr'>ef.</span> <span class='ocrx_word' id='word_1_324' title='bbox 1050 3936 1147 3994; x_wconf 86' lang='lat' dir='ltr'>Nicol.</span> <span class='ocrx_word' id='word_1_325' title='bbox 1170 3938 1291 3992; x_wconf 82' lang='lat' dir='ltr'>Perotti</span> 
     </span>
     <span class='ocr_line' id='line_1_45' title="bbox 216 3996 1289 4113; baseline 0.014 -68"><span class='ocrx_word' id='word_1_326' title='bbox 216 3996 378 4113; x_wconf 42' lang='lat' dir='ltr'>gorpitucop.</span> <span class='ocrx_word' id='word_1_327' title='bbox 392 4016 422 4070; x_wconf 85' lang='lat' dir='ltr'>p.</span> <span class='ocrx_word' id='word_1_328' title='bbox 434 4013 494 4069; x_wconf 78' lang='lat'>555.</span> <span class='ocrx_word' id='word_1_329' title='bbox 515 4001 550 4053; x_wconf 88' lang='lat' dir='ltr'>ed</span> <span class='ocrx_word' id='word_1_330' title='bbox 562 4003 627 4062; x_wconf 76' lang='grc' dir='ltr'>0Ιά.</span> <span class='ocrx_word' id='word_1_331' title='bbox 643 4006 693 4056; x_wconf 84' lang='lat' dir='ltr'>V.:</span> <span class='ocrx_word' id='word_1_332' title='bbox 707 4005 846 4073; x_wconf 79' lang='lat' dir='ltr'>ignobilis.</span> <span class='ocrx_word' id='word_1_333' title='bbox 881 4019 940 4071; x_wconf 72' lang='lat'>294»</span> <span class='ocrx_word' id='word_1_334' title='bbox 958 4005 1004 4056; x_wconf 85' lang='lat' dir='ltr'>Ita</span> <span class='ocrx_word' id='word_1_335' title='bbox 1019 4003 1117 4058; x_wconf 86' lang='lat' dir='ltr'>Guelf.</span> <span class='ocrx_word' id='word_1_336' title='bbox 1136 4008 1187 4057; x_wconf 70' lang='lat' dir='ltr'>tt:</span> <span class='ocrx_word' id='word_1_337' title='bbox 1211 4008 1289 4060; x_wconf 74' lang='lat' dir='ltr'>idem</span> 
     </span>
    </p>
   </div>
   <div class='ocr_carea' id='block_1_10' title="bbox 0 0 1368 4659">
    <p class='ocr_par' dir='ltr' id='par_1_14' title="bbox 0 0 1368 4659">
     <span class='ocr_line' id='line_1_46' title="bbox 0 0 1368 4659; baseline 0 4"><span class='ocrx_word' id='word_1_338' title='bbox 0 0 1368 4659; x_wconf 95' lang='lat' dir='ltr'> </span> 
     </span>
    </p>
   </div>
  </div>
 </body>
</html>
