2725 4659
129 935 435 1019 PALINURUS.
476 932 844 1003 PHAEDROMUS.
885 937 1032 1005 PUER.
1111 972 1139 1037 s

454 1085 707 1146 Panruunua

54 1141 157 1291 Quo
178 1203 234 1263 ted
254 1202 316 1263 hoc
335 1202 436 1262 noctis
458 1198 563 1262 dicam
584 1200 743 1278 proficisci
762 1202 847 1261 foras
896 1202 919 1273 i,
942 1223 964 1262 s.
988 1202 1015 1273 Ι,
1040 1222 1067 1265 ι.
1089 1242 1091 1247 -

52 1282 139 1344 Cum
161 1287 238 1345 istoc
260 1298 375 1345 ornatu
395 1302 533 1362 cumque
549 1280 614 1342 ¹huc
632 1304 759 1365 pompa,
782 1283 1006 1346 Phaedrome?

49 1362 109 1431 ΡΗ,
135 1370 207 1445 Quo
227 1368 332 1426 Venus
355 1365 542 1444 Cupidoque
564 1364 700 1444 imperat
720 1366 896 1444 suadetque
915 1368 1027 1433 Amor.

50 1446 83 1506 Si
104 1448 215 1515 media
235 1461 381 1519 nonest,
403 1449 468 1508 sive
489 1459 537 1507 est
557 1451 660 1528 prime
680 1462 830 1526 vesper-ag

49 1527 82 1591 Si
102 1545 206 1591 status
227 1530 391 1593 condictus
413 1527 599 1589 cum-hoste
620 1530 790 1607 intercedit
811 1529 892 1589 dies:
1085 1549 1108 1611 5

48 1609 187 1679 Tamen·
199 1610 247 1672 est
268 1613 423 1682 eundum,
446 1630 508 1690 quo
528 1612 699 1692 imperant,
720 1612 876 1692 ingratiis.
951 1650 953 1653 -

49 1696 104 1756 Pa,
119 1694 364 1757 'Attandemns
384 1694 518 1754 tandem
529 1736 535 1750 .
548 1739 573 1755 ..
596 1693 654 1757 ΡΗ.
676 1692 821 1752 Tandem
831 1714 864 1752 es
874 1693 1000 1755 odiosus
1013 1696 1105 1759 mihi.

49 1779 106 1841 Pa.
134 1776 221 1837 Istuc
238 1776 370 1863 quidem
391 1795 452 1836 nec
472 1774 596 1835 bellum
617 1788 746 1836 estnec
765 1776 973 1839 memorabile
983 1801 995 1847 ε,
1056 1818 1063 1833 ,.

50 1859 140 1939 Tute
161 1860 222 1920 tibi
243 1878 321 1938 puer
343 1877 392 1919 es:
413 1859 520 1918 lautus
538 1854 626 1917 luces
646 1876 786 1918 cereum.

49 1941 106 2006 Pu.
134 1940 203 2023 Ego
225 1939 425 2022 apicularum
445 1934 635 2020 congestum
657 1957 753 2018 opera
772 1957 837 2014 non
857 1939 969 2014 feram,
1068 1963 1108 2009 ιο

50 2025 99 2085 Ex
126 2023 215 2082 dulci
236 2021 421 2092 oriundum,
444 2020 584 2080 melculo
607 2022 697 2080 dulci
715 2022 812 2081 meo?

49 2104 103 2168 Pe.
131 2107 218 2169 Nam
240 2125 302 2187 quo
323 2116 355 2163 te
376 2103 481 2162 dicam
503 2103 732 2182 ego-ireiPn.
756 2101 848 2164 Situ
868 2123 922 2165 me
942 2126 1050 2189 rogesr

50 2188 180 2255 Dicam,
201 2201 239 2247 ut
259 2187 346 2246 scias.
387 2186 444 2246 Pu.
467 2183 501 2242 Si
521 2186 670 2265 rogitem,
694 2174 772 2264 quid
784 2187 1005 2265 respondeas?

50 2272 105 2333 Pu.
131 2268 203 2328 Hoc
224 2267 394 2347 Aesculapi
420 2268 535 2326 fanum
556 2280 610 2328 est.
650 2267 707 2329 Pa,
734 2266 812 2327 Plus
839 2285 904 2341 Jam
925 2289 1009 2335 anno
1030 2272 1105 2339 scio.

49 2353 105 2415 Pu.
131 2352 219 2411 Huic
239 2368 439 2431 proxumum
460 2346 542 2408 illud
564 2352 683 2411 ostium
704 2349 981 2417 occlusissumum.
1066 2370 1107 2437 15

50 2431 166 2496 Salve!
186 2432 356 2492 Valuistin'
378 2429 494 2509 usque,
515 2433 632 2490 ostium
653 2431 911 2494 oculissumurn?
1014 2432 1017 2436 ⁴
1149 2455 1151 2458 ⁴

47 2514 288 2579 Pn.·Caruitne
307 2513 404 2575 febris
425 2524 458 2572 te
477 2510 548 2572 heri
568 2511 619 2572 vel
637 2514 756 2572 nudius
777 2517 902 2587 terrine

49 2597 88 2657 Et
107 2599 185 2661 heri
205 2596 440 2658 coenavistine?
465 2596 524 2659 Pu.
547 2594 724 2656 Deridesne
745 2597 822 2654 me?

48 2683 104 2743 Pu.
132 2679 221 2759 Quid
241 2692 279 2739 tu
300 2697 389 2762 ergo,
410 2679 530 2745 insane,
551 2678 681 2760 rogitas,
704 2678 849 2738 valeatne
869 2681 1010 2742 ostium?

47 2764 104 2825 Pu.
129 2760 357 2822 Bellissumum
377 2759 490 2819 hercle
509 2759 574 2819 vidi
594 2774 627 2819 et
645 2760 963 2825 taciturnissumumr
1052 2785 1106 2829 Ὶρο

49 2846 228 2923 Nunquam
248 2844 353 2906 ullum
374 2841 509 2901 verbum
538 2839 659 2919 mittit3
689 2861 788 2921 quom
808 2845 968 2920 aperitur,
1000 2860 1104 2921 tacet3
1161 2869 1164 2875 ·

50 2928 224 3007 Quomque
245 2926 303 2985 illa
324 2936 421 2997 noctu
443 2923 628 2984 clanculum
650 2924 691 2982 ed
710 2926 864 2992 nae-exit,
887 2938 980 2990 tacet.

48 3008 102 3071 Pe.
127 3008 297 3092 Numquid
317 3021 367 3075 tu,
388 3006 471 3084 quod
491 3019 525 3064 te
546 3018 601 3064 aut
623 3025 741 3085 genere
761 3006 934 3086 indignum
953 3012 995 3072 sit
1013 3025 1070 3075 tuo
1145 3072 1147 3075 .

49 3089 141 3153 Facis
164 3103 219 3151 aut
239 3090 382 3170 inceptas
402 3088 509 3146 fucere
529 3085 666 3153 facinus,
689 3087 911 3151 Phaedrome?

48 3177 140 3238 Num
160 3187 198 3232 tu
218 3172 352 3251 pudicae
374 3170 537 3247 quoipiam
557 3165 684 3229 insidias
705 3170 800 3240 locas,
837 3234 840 3239 Α
871 3212 873 3216 -
1064 3192 1106 3254 25

48 3258 111 3319 Aut
134 3274 233 3334 qnam
252 3255 402 3334 pudicam
421 3264 546 3335 oportet
565 3252 653 3314 esse?
674 3254 735 3317 Pa.
756 3256 900 3332 Nemini,

114 3416 207 3466 Versu
223 3426 247 3463 2.
265 3407 422 3480 legendum
438 3406 569 3460 videatur
585 3402 750 3477 Phaedime,
782 3413 867 3466 etsie
885 3414 938 3493 per
953 3420 1046 3483 totam
1064 3412 1106 3466 ao

49 3478 165 3534 hulam:
182 3495 250 3531 nam
267 3486 300 3528 ut
318 3477 413 3529 solum
429 3484 579 3529 accentum
595 3475 714 3530 Plautus
730 3489 867 3547 sequntur
882 3497 914 3531 an
930 3480 1041 3547 graecis
1054 3496 1106 3533 no·

48 3546 187 3611 minibus,
204 3545 278 3596 siont
285 3543 431 3607 Ausonius,
449 3541 588 3605 Sidonius,
604 3543 775 3595 Prudentius
791 3545 898 3615 aliique
915 3545 1030 3597 serioris
1043 3547 1107 3603 oevi

47 3613 213 3682 scriptores,
229 3627 288 3662 non
303 3608 456 3679 persuadet
470 3608 526 3660 Jos.
544 3606 673 3677 Scaliger
685 3609 777 3661 Lecta.
794 3615 898 3664 Auson.
917 3627 942 3676 2,
961 3625 1001 3675 ²5·
1025 3611 1106 3664 Dici·

48 3694 99 3738 tur
116 3695 214 3739 autem
231 3684 350 3738 Graecis
366 3688 515 3753 φαίδρωμος,
551 3696 590 3734 ιο.
613 3685 671 3749 Ego
690 3681 777 3735 hebet
794 3683 908 3748 Gueli,
932 3700 989 3734 non
1006 3685 1105 3753 Egon’,

48 3757 124 3810 sicut
140 3758 237 3825 vulgo.
263 3771 311 3806 -11.
329 3757 360 3806 V.
379 3757 534 3820 mellicam,
556 3770 625 3806 vooe
642 3753 737 3806 nihili.
765 3754 808 3808 ef.
825 3756 887 3813 Cea
906 3752 963 3819 694.
1000 3753 1038 3805 16.
1059 3755 1107 3809 Sic

47 3824 124 3877 Fest.
140 3825 252 3891 Langg.
269 3829 299 3873 et
316 3821 380 3875 edd.
397 3823 509 3875 medina
521 3830 644 3888 utroque
661 3819 736 3884 loco,
753 3822 774 3873 i.
792 3838 816 3870 e.
826 3821 1017 3872 carissimum.
1036 3821 1106 3874 Pro-

47 3890 120 3942 bent
136 3890 275 3952 Tur-neb„
292 3889 327 3940 H.
346 3887 455 3958 steph„
472 3891 495 3939 1.
512 3889 611 3939 Douza
639 3895 668 3938 et
684 3886 818 3954 inprimis
833 3887 943 3937 Murco.
959 3886 992 3936 V.
1010 3888 1043 3938 L.
1065 3889 1105 3956 sd,

50 3970 90 4021 13·
115 3955 159 4009 ef.
177 3957 299 4012 Gesner.
317 3956 454 4008 Thesaur.
473 3954 592 4022 linguae
608 3924 659 4004 iet.
676 3968 704 4002 ιι.
723 3951 847 4004 Ostium,
877 3954 909 4002 V.
926 3951 1106 4025 hicquoque

46 4023 274 4083 occlusissimon
292 4023 369 4091 quod
386 4020 431 4073 vel
448 4029 541 4072 metro
558 4018 698 4097 arguitur.
723 4035 763 4070 ιι.
782 4017 829 4074 Sic
836 4018 1104 4074 Palatuflelmstad.

43 4089 160 4141 Moneo.
178 4098 210 4142 et
224 4086 288 4140 edd.
307 4097 375 4140 reta.
394 4089 442 4142 ve
461 4086 561 4152 marris,
579 4092 653 4138 uout
668 4100 710 4153 94
