2725 4659
231 808 949 914 ARGUMENTUM.

272 933 287 964 ἰ
340 927 483 966 ΨΜ·
664 915 681 954 ’.
717 905 909 958 almas:

303 979 372 998 Μ’,
426 963 555 994 ..;..'
603 955 713 980 '’⁸‘
774 973 780 980 ·
819 969 892 982 ἈΜ

878 1003 886 1020 0

948 1264 958 1292 s
995 1264 1003 1277 .

42 1227 218 1338 Missus
238 1286 420 1335 mercatum
441 1272 559 1351 absuo
580 1270 765 1331 adolescens
785 1277 875 1345 patre
993 1283 1015 1322 ι.
1034 1285 1057 1323 s.

43 1366 149 1427 Emit
172 1367 433 1442 atque'apportat
455 1360 532 1419 scita
552 1359 656 1419 forma
676 1355 863 1418 mulierem.

42 1444 219 1527 Requirit,
242 1462 322 1522 quae
344 1445 396 1515 sit,
417 1445 585 1523 postquam
603 1457 679 1500 earn
700 1435 796 1507 uidit,⁴
812 1439 924 1500 'senen

43 1528 225 1609 Confingit
246 1535 363 1593 servus,
385 1536 506 1585 emtam
527 1526 624 1584 matri
642 1522 861 1604 pedisequam.

44 1615 154 1674 Amat
175 1627 272 1670 senex
292 1608 385 1676 hanc,
408 1625 454 1676 ac,
476 1625 509 1665 se
531 1601 684 1667 simulans
705 1599 854 1674 vendere,
951 1597 952 1600 ’

44 1694 172 1756 Tradit
193 1692 307 1753 vicino.
349 1689 434 1749 Eum
455 1707 536 1749 uxor
549 1685 647 1747 illius
666 1695 760 1764 putat
826 1693 828 1698 ’

49 1777 196 1837 Obduxe
218 1787 368 1834 scortum.
409 1770 501 1830 Tunr
518 1771 701 1832 Charinum
722 1778 763 1833 ax
776 1765 861 1846 iuga
907 1755 912 1766 ’

51 1856 210 1919 Retrahit
231 1856 353 1949 sodalis,
373 1866 541 1936 postquam
561 1856 700 1915 amicam
719 1851 897 1934 inuenerat.

185 2194 420 2269 ‚Arrun
470 2147 992 2298 Aaoumuurult.

58 2362 248 2425 Mercatum
269 2359 308 2420 ad
330 2357 452 2417 socium
471 2350 580 2416 filiurn
601 2350 744 2414 extrudit
755 2363 864 2429 [pater.
1000 2349 1023 2412 i.
1038 2371 1062 2413 s.

59 2452 96 2511 Is
116 2464 249 2529 peregre
269 2444 356 2504 mitis
375 2437 508 2500 redimit
527 2433 850 2513 ancillamhospitis,
945 2455 950 2464 ·

60 2536 182 2595 Amore
204 2540 325 2606 captus.
367 2520 415 2582 Ut
435 2517 536 2590 venit,
556 2515 633 2577 navi
651 2511 765 2576 eiriiti'
831 2509 841 2530 ''

61 2621 161 2681 Pater
182 2611 310 2672 advolat
329 2620 451 2683 atque
474 2601 575 2661 visam
593 2598 746 2660 ancillam
766 2597 906 2678 deperit3

64 2695 189 2778 Quoius
211 2695 260 2763 sit,
279 2698 496 2773 percontatur.
539 2679 654 2743 Servus
675 2681 881 2762 pedisequam

62 2783 115 2844 Ab
135 2778 335 2839 adolescente
354 2770 454 2851 ipsius
476 2779 597 2826 emtam
616 2766 713 2825 matri
734 2765 788 2827 ait.

64 2866 183 2931 Senex,
204 2858 265 2922 ribi
285 2854 488 2938 prospiciens,
510 2862 547 2907 ut
569 2850 671 2909 amico
693 2866 749 2907 suo
850 2906 856 2913 ,

64 2951 207 3011 Veniret,
227 2955 343 3001 natum
363 2935 489 3006 orabat3
511 2943 614 3002 natus,
636 2941 674 2989 ut
694 2949 772 2994 suot

65 3033 130 3092 Hic
148 3027 253 3088 filium
274 3019 459 3084 subdiderat
479 3013 595 3082 viciui;
617 3025 709 3092 pater

68 3115 227 3173 Vicinum.
269 3111 512 3169 Praemerratur
532 3095 686 3155 ancillam
707 3113 814 3154 senex.

69 3183 153 3256 Earn
173 3190 259 3252 domi
279 3189 467 3266 deprensam
488 3180 632 3255 conjunx
652 3176 741 3238 illius

72 3277 174 3339 Vicini
195 3288 336 3335 scortum
356 3263 540 3330 insimulat:
562 3260 704 3342 protelat
725 3262 840 3325 virum.
931 3329 934 3334 Ι

71 3360 232 3421 Mercator
253 3371 364 3431 exspes
386 3347 490 3429 patria
509 3345 623 3424 fugere
638 3342 797 3415 destinat;

69 3436 260 3511 Prohibetur
279 3457 298 3497 a
317 3431 436 3502 sodale,
458 3428 514 3509 qui
534 3427 620 3488 illius
641 3438 767 3503 putrem

72 3533 154 3593 eum
174 3537 262 3605 patre
282 3530 404 3587 exorat,
424 3527 502 3580 nato
522 3507 681 3574 uti'cedat
706 3530 775 3575 suo.

138 3704 254 3769 Argum.
274 3712 297 3745 1.
314 3695 346 3746 V.
364 3703 389 3758 ς.
404 3692 514 3759 uulgo:
537 3688 611 3741 dane
633 3687 670 3736 ud
687 3704 716 3737 se
738 3686 799 3737 sim.
816 3684 893 3736 Pols
919 3681 991 3732 huuc
1009 3696 1038 3729 se
1056 3678 1130 3727 adsi-

76 3771 189 3826 mulous.
242 3766 310 3831 Arg.
324 3776 355 3826 2,
376 3775 397 3809 ι.
414 3760 460 3809 ltu
478 3765 533 3808 rot.
549 3755 613 3808 cod.
631 3753 794 3817 Cameren,
815 3750 873 3802 nisi
890 3747 967 3818 quod
983 3744 1073 3799 hahet
1088 3763 1131 3795 so·

76 3843 149 3892 tium.
171 3837 218 3889 Va
236 3831 277 3881 M.
296 3846 320 3878 α.
339 3843 368 3876 re
385 3827 448 3875 dum
458 3824 507 3890 fil.
564 3839 588 3876 a.
605 3820 688 3874 MSS.
708 3820 792 3868 mitis.
814 3819 863 3872 V.:
889 3819 979 3866 unius.
1036 3812 1062 3864 6.
1081 3813 1130 3877 uit,

76 3903 151 3977 quod
168 3917 192 3953 r.
211 3899 302 3962 abes-t,
317 3908 351 3946 ex
368 3895 446 3944 Juut.
462 3900 494 3943 et
509 3888 574 3945 nlo.
591 3887 772 3940 arceuitum.

473 4032 510 4040 ..-
