2725 4659
500 287 738 363 numan.
1099 287 1159 386 n

94 468 219 548 Neque,
236 456 336 549 'quem
357 467 545 542 descendat,
565 466 643 528 inde
661 468 719 529 det
738 469 1075 551 quoiquamnannm.
1117 468 1121 476 ⁴

96 552 312 632 Spectandum
333 573 375 612 ne
396 552 570 630 quoiquam
590 552 725 611 anulum
742 553 796 612 det
814 572 918 632 neque
938 566 1038 636 roget.

96 633 191 694 Telos
213 654 255 693 ne
277 638 451 712 quoiquam
471 634 597 693 homini
617 634 796 703 admoveat,
816 637 879 696 nisi
898 637 976 707 tibi5
1087 651 1148 716 755

96 716 206 793 Quom
227 717 332 790 iaciat,
353 717 401 775 Te
421 734 462 775 ne
483 713 586 774 dieat:
606 735 728 776 nomen
748 718 903 777 nominet.

96 797 200 858 Deam
220 800 351 875 invocet
370 799 562 877 sibi‚.quam
582 797 716 872 iubebit,
736 799 924 878 propitiam

95 878 206 939 Deum
226 879 364 941 nullum.
395 878 491 960 Mage
512 880 538 939 ei
558 880 708 961 religiosa
727 882 864 942 iuverit:
885 911 889 920 ·

97 960 301 1021 Tibi'dieat:
322 975 358 1020 tu
379 983 436 1041 pro
456 962 516 1020 illa
535 981 615 1032 ores,
635 977 672 1022 ut
694 964 734 1022 sit
753 963 919 1042 propitius.

96 1047 212 1120 Neque
232 1043 369 1103 illaulli
389 1043 517 1104 homini
535 1057 640 1118 nutet,
661 1046 774 1117 metet,
798 1045 926 1106 adnuat.
1088 1049 1149 1125 760

96 1127 172 1186 Post
191 1127 236 1196 id,
257 1127 387 1184 lucerua
408 1128 434 1186 si
455 1126 599 1185 extincta
620 1140 678 1199 est,
699 1147 741 1185 ne
763 1126 841 1205 quid
860 1127 909 1185 sui

97 1203 241 1270 Membri
249 1211 447 1267 commoveat
455 1206 627 1289 quidquam
634 1209 825 1269 intenebris.
842 1208 1149 1287 Daoptumunest,

95 1288 146 1348 Ita
167 1291 286 1349 seilicet
306 1290 482 1357 facturam
505 1307 616 1350 verum
635 1293 670 1349 in
692 1290 839 1351 cubiculo
862 1334 870 1349 .
892 1335 900 1351 .
922 1335 931 1352 .

97 1370 202 1431 Deme
223 1373 306 1431 istuc
320 1372 498 1453 lequidem
519 1372 616 1433 illunc
637 1376 761 1433 moveri
782 1373 893 1454 gestio.

95 1452 179 1513 Nulo
199 1455 291 1513 illam
313 1453 430 1514 habere
452 1471 591 1529 causam,
613 1469 645 1515 et
666 1457 802 1514 vetitum
823 1455 936 1515 dicere.
1090 1460 1151 1533 765
1204 1477 1207 1482 ·

97 1534 156 1594 ΡΑ.
173 1535 255 1609 Scio,
270 1538 429 1615 captiones
442 1540 569 1598 metuis.
597 1537 654 1597 Dr.
668 1539 800 1598 Verum.
821 1536 878 1598 Pu.
892 1536 989 1617 Ergo,
996 1550 1034 1598 ut
1046 1537 1148 1614 jubes.

65 1691 70 1697 ¹
97 1616 248 1678 Tollam?
269 1618 476 1696 DnQuidnii
496 1621 553 1680 Pr.
561 1621 784 1699 Audireliqiia.
794 1619 850 1678 Dr.
858 1620 1021 1697 Loquere:
1042 1621 1147 1682 audio.

96 1700 155 1760 Pru
176 1704 289 1779 Neque
310 1702 417 1761 ullum
434 1701 573 1762 verbum
591 1704 688 1762 faciat
707 1699 939 1780 perple'xabile3

96 1784 211 1860 Neque
232 1782 300 1842 ulla
317 1783 441 1862 lingua·
453 1785 530 1844 sciat
549 1786 650 1865 loqui,
670 1786 734 1843 nisi
753 1783 868 1844 Attica.
972 1805 973 1808 ¹

96 1862 175 1924 Fors
195 1866 222 1923 si
241 1866 355 1924 tussire
377 1869 525 1944 occepsit‚
544 1886 586 1925 ne
605 1870 649 1926 sic
668 1866 797 1925 tussiat:
1088 1885 1149 1947 770

97 1946 143 2005 Ut
163 1950 334 2025 quoiquam
346 1947 501 2028 linguam
520 1949 557 2007 in
577 1946 738 2009 tussiendo
754 1946 903 2025 proferat.

98 2028 195 2104 Quod
215 2030 271 2089 illa
292 2041 401 2088 autem
422 2030 564 2102 simulet,
585 2032 673 2109 quasi
694 2029 830 2110 gravedo
850 2028 1005 2107 profluat:

95 2108 167 2169 Hoc
189 2130 229 2171 ne
249 2112 292 2171 sic
309 2111 426 2171 iaciat:
448 2125 486 2170 tu
505 2109 660 2173 labellum
676 2110 863 2189 «abstergeas

95 2192 205 2253 Potius
227 2212 323 2271 quam
345 2195 519 2274 quoiquam
538 2191 658 2256 'savium
680 2195 776 2254 faciat
795 2194 910 2272 palem·

95 2274 166 2335 Nec
186 2289 289 2335 mater
309 2275 381 2332 lena
403 2278 442 2335 arl
464 2277 578 2338 vinum
598 2278 723 2337 accedat
743 2274 889 2347 interim,
913 2331 919 2342 ,
1090 2292 1150 2355 775

95 2355 210 2433 Neque
231 2356 295 2416 ulli
312 2358 408 2417 verbo
428 2358 514 2418 dicat
533 2357 627 2433 male.
669 2356 702 2417 Si
722 2355 857 2417 dixerit:

95 2435 186 2499 Haec
206 2439 308 2498 multa
330 2441 361 2500 ei
381 2454 464 2500 estu:
486 2440 557 2500 vino
580 2442 694 2523 viginti
714 2439 781 2497 dies

94 2517 143 2581 Ut
163 2521 278 2580 eareat}
313 2520 368 2582 Dr.
390 2520 505 2582 Pulcre
526 2524 664 2597 scripsti!
688 2522 805 2581 scitum
826 2521 1058 2603 syngraphum!
1097 2531 1100 2538 ’

94 2603 154 2664 ΡΑ.
177 2602 264 2662 Tum
286 2603 312 2674 si
333 2622 474 2677 coronas,
496 2619 588 2678 serta,
610 2598 777 2687 unguenta
797 2602 925 2678 jusserit

94 2685 261 2744 Ancillam
279 2684 364 2745 ferre
385 2685 501 2746 Veneri
521 2701 577 2746 aut
599 2688 771 2769 Cupidini:
923 2717 924 2720 ¹
1089 2697 1149 2769 780

95 2766 184 2827 Tuos
204 2787 307 2827 servos
328 2780 438 2839 servet,
461 2768 619 2829 Venerine
641 2792 692 2832 eas
713 2768 777 2841 det,
798 2786 839 2827 an
859 2768 938 2828 viro.
1040 2836 1043 2840 ἵ

96 2848 130 2909 Si
152 2848 236 2908 forte
257 2868 342 2926 pure.
358 2850 439 2910 velle
458 2850 576 2912 habere
597 2851 734 2913 dixerit:

97 2929 165 2989 Tot
185 2933 287 2991 noctis
303 2931 417 2992 'reddat
438 2953 575 3012 spurcas,
597 2950 674 3015 quot
695 2951 775 3014 pure
796 2932 955 3007 habuerit,

94 3013 185 3073 Haec
206 3025 279 3072 sunt
297 3029 367 3073 uon
386 3032 507 3096 nugae:
535 3035 601 3075 non
623 3020 711 3077 enim
731 3015 915 3075 mortualia.

94 3096 156 3157 Dr.
176 3094 308 3157 Placent
323 3096 466 3174 proiecto
481 3097 582 3180 leges..
595 3097 731 3181 Sequere
747 3098 841 3158 intro.
862 3102 921 3159 Pu.
937 3098 1067 3180 Sequor.
1089 3109 1150 3179 785

247 3425 250 3430 ,
289 3379 583 3460 muniones,
632 3378 933 3447 PARASITUS.
975 3333 978 3336 ¹

92 3527 153 3590 Dr.
192 3527 329 3608 Sequere
365 3528 437 3592 hac.
497 3513 598 3612 Egon’
638 3526 718 3590 haec
754 3531 876 3609 patiar,
911 3543 966 3590 aut
1001 3531 1149 3591 taceam?

141 3620 145 3628 ’
608 3609 720 3672 Emori
981 3614 1005 3671 i.
1022 3632 1044 3673 s.
1059 3612 1112 3687 IV,
1134 3635 1148 3675 1

163 3792 221 3899 753.
247 3780 294 3861 Sic
316 3782 394 3850 Reiz.
419 3784 470 3842 V.:
489 3782 588 3851 fuerit.
644 3767 703 3855 7‘61.
728 3784 776 3837 sic
800 3784 932 3863 plerique
955 3801 1052 3863 omnes
1071 3785 1161 3838 libris

91 3851 172 3927 ἵει
203 3848 397 3928 desideratur.
435 3850 493 3917 765.
511 3852 555 3902 lta
571 3847 727 3930 legendum
744 3862 830 3904 sensu
846 3850 927 3928 Aera
944 3850 1065 3930 Plunnui
1082 3862 1151 3904 vett.

91 3918 556 4051 tzssimalaelluaeili
572 3919 1152 4061 Ῑέἔῖἑεὲῗεῖῗοἐέἔὲἷρέξρξῖἁξῖῗῖῖξὲἶ

92 4052 160 4186 ξᾶἒί
173 4054 379 4185 {walahum
395 4059 428 4101 re
454 4065 528 4100 vere.
580 4059 635 4121 785.
654 4051 737 4104 Libri
761 4059 862 4102 contra
878 4050 1148 4128 legemlpedarram:
