2725 4659
497 268 705 340 CAPTIVI.
902 303 920 340 ‚¹
1063 291 1132 344 aar

71 457 208 518 Eminor
246 450 527 529 interminorque‚
571 468 616 510 ne
667 448 737 528 quis
781 447 838 512 mi.
873 446 1032 514 obstiterit
1081 451 1139 512 ob-v

166 571 169 578 s
222 561 226 570 ·
588 532 684 601 viam,
838 550 883 591 as.
902 544 925 595 t.
941 535 971 596 d.
988 539 1010 596 i.
1024 534 1055 596 d.
1206 547 1208 552 '

71 618 145 681 Nisi
165 618 223 697 qui
243 630 290 680 sat
311 616 369 676 diu
389 616 508 675 vixisse
529 632 595 673 sese
614 612 714 688 homo
730 611 956 677 arbitrabitur:
978 630 1074 679 tto.
1150 631 1169 666 ·,

69 700 157 762 Nam
178 699 235 779 qui
257 699 437 769 obstiterit,
466 716 521 757 ore
549 696 656 756 sistet!
685 695 728 758 H.
749 694 813 755 Hic
833 695 931 758 homo
949 700 1138 783 pugilatum

588 779 716 856 incipit.
1099 803 1101 808 ·

70 866 111 929 E.
125 868 244 930 Facere
254 875 382 922 certum
391 862 454 921 est!
467 860 608 921 Proinde
622 874 659 920 ut
668 879 781 919 omnes
789 861 910 919 itinera
917 861 1062 924 insistant
1070 884 1135 937 sua,

71 949 125 1011 Ne
142 949 213 1026 quis
233 947 268 1005 in
280 944 366 1003 hanc
374 944 513 1022 plateam
520 944 785 1024 negoticonferat
799 944 975 1022 quidquam
990 950 1055 1006 sui:
1076 953 1146 1024 yso
1181 987 1184 992 ·

71 1032 162 1092 Nam
178 1047 268 1088 meus
287 1039 334 1088 est
353 1026 470 1085 balista
489 1044 631 1104 pugnus,
652 1024 782 1086 cubitus
804 1024 966 1103 catapulta
980 1040 1027 1086 est
1041 1026 1136 1101 mihi,

71 1113 241 1174 Humerus
265 1111 365 1188 aries3
392 1119 467 1168 tum
484 1126 574 1187 genu
588 1121 814 1247 utbquemque
833 1108 938 1169 icero:
960 1108 1001 1167 ad
1019 1122 1140 1171 terram

476 1221 480 1226 >
591 1190 627 1249 da
656 1209 694 1260 o;

72 1275 265 1356 Dentilegos
287 1275 393 1334 omnis
414 1272 559 1333 mortalis
579 1272 709 1340 faciam,
732 1275 894 1350 quemque
913 1270 1109 1336 obfendero!

71 1358 119 1419 H.
143 1358 232 1433 Quae
253 1355 348 1416 illaec
370 1357 524 1416 eminatio
546 1355 618 1416 est?
640 1373 719 1414 nam
737 1359 865 1433 nequeo
888 1356 1001 1417 mirari
1014 1358 1113 1417 satia..

70 1442 113 1504 E.
148 1440 215 1520 Qui
244 1439 293 1498 mi
320 1439 358 1498 in
385 1455 481 1498 cursu
509 1438 688 1509 obstiterit,
716 1435 792 1496 faxo
812 1439 840 1497 is
860 1439 947 1498 vitae
974 1437 1138 1519 extemplo

592 1520 753 1580 obstiterit
768 1521 859 1579 suae!
877 1520 1012 1585 eradi.
1023 1524 1054 1585 d.
1076 1536 1137 1598 725

71 1605 218 1674 Faciam,
239 1618 278 1664 ut
296 1605 394 1680 hujus
415 1603 467 1666 die
483 1602 612 1681 locique
633 1602 765 1680 meique
786 1621 914 1681 semper
932 1604 1136 1665 meminerit!

71 1687 116 1750 H.
150 1686 238 1768 Quid
266 1686 321 1750 hic
347 1687 445 1749 homo
478 1699 609 1747 tantum
629 1685 787 1762 incipissit
813 1684 919 1746 facere
941 1703 1019 1747 cum
1039 1688 1137 1747 tantis

252 1765 256 1772 ’
591 1767 715 1828 minis?
979 1781 1075 1831 tto.

60 1853 111 1916 E,
134 1855 229 1914 Prius
250 1850 355 1923 edico,
375 1870 419 1911 ne
438 1852 509 1930 quis
528 1862 658 1929 propter
678 1849 809 1928 culpam
830 1850 978 1930 capiatur
997 1868 1109 1916 suamt

73 1934 250 1995 Continete
271 1955 326 1995 vos
343 1932 450 1993 domi!
473 1932 641 2013 prohibete
661 1950 680 1992 a
700 1929 791 1992 vobis
810 1934 879 1993 vim
898 1935 1028 1994 meam!

72 2016 115 2080 H.
141 2014 230 2078 Mira
251 2016 364 2097 edepol
384 2028 460 2076 sunt
480 2017 516 2076 ni
535 2014 589 2077 hic
608 2015 645 2076 iu
664 2028 814 2075 ventrem
834 2016 949 2077 sumsit
970 2013 1136 2076 confiden-

590 2098 684 2159 tiam.
1075 2116 1135 2175 730

73 2182 141 2242 Vae
161 2183 278 2243 misero
298 2180 359 2254 illi,
380 2180 472 2256 cuius
493 2178 565 2241 cibo
586 2181 646 2240 iste
664 2180 835 2241 factus'ast
855 2181 1036 2262 inpensius!

73 2262 112 2329 E.
136 2263 226 2325 Tum
246 2265 378 2345 pistores
400 2262 623 2343 scrophipasci,
645 2263 702 2344 qui
721 2262 813 2322 alunt
833 2263 954 2324 furiuri
974 2282 1056 2335 sues,
1082 2262 1088 2270 ’

77 2347 228 2427 Quarum
249 2347 344 2408 odore
366 2345 540 2427 praeterire
560 2364 658 2416 nemo
679 2347 851 2424 pistrinum
870 2359 989 2423 potest,

72 2429 200 2491 Eorum
220 2431 249 2492 si
268 2429 481 2510 quoiusquam
502 2426 671 2507 scropham
689 2431 726 2487 in
746 2428 876 2507 publico
897 2445 1116 2507 conopexerot

75 2510 160 2591 lpsis
180 2532 221 2572 ex
243 2511 382 2574 dominis
402 2512 484 2571 meis
504 2510 622 2589 pugnis
643 2509 816 2570 exculcabo
836 2511 996 2573 furfurea!
1077 2514 1140 2593 7'55

76 2594 119 2657 H.
143 2595 294 2656 Basilicas
314 2595 488 2655 edictiones
508 2605 603 2670 atque
624 2591 809 2672 imperiosas
828 2592 940 2655 habet:

77 2675 176 2737 Satur
195 2674 295 2737 homo
316 2675 501 2756 es13hebet
521 2675 660 2756 profecto
679 2678 716 2735 in
736 2690 846 2737 ventre
866 2674 1109 2742 confidentiam.

76 2758 115 2824 E.
139 2758 229 2820 Tum
271 2761 430 2832 iscatores,
453 2757 509 2839 qui
527 2758 683 2839 praebent
702 2759 822 2838 populo
841 2760 936 2839 piscis
956 2758 1101 2832 foetidos,

80 2844 148 2923 Qui
169 2781 375 2903 advebuntnr
396 2840 648 2921 quadrupedanti
668 2842 827 2901 crucianti
841 2841 1020 2907 cantherio·

79 2929 235 3005 Quorum
256 2925 331 2986 odos
352 2922 599 2985 subbasilicanos
619 2924 724 2986 omnia
744 2924 845 3006 abigit
864 2925 902 2985 in
919 2924 1048 2988 forum:
1079 2943 1140 3007 740

78 3006 134 3069 Eis
157 3025 217 3088 ego
239 3027 293 3067 ora
315 3006 494 3068 verberabo
509 3006 667 3085 sirpiculis
689 3006 849 3085 piscariis:

79 3090 127 3151 Ut
149 3091 261 3159 sciant,
283 3088 391 3150 alieno
411 3108 487 3149 naso
509 3108 606 3169 quam
627 3087 805 3149 exhibeant
825 3089 1019 3155 molestiam.

80 3172 171 3233 Tum
191 3172 415 3244 laudantem,
438 3172 494 3250 qui
513 3172 710 3233 concinnant
730 3171 840 3233 liberis
860 3174 951 3236 orbas
972 3177 1048 3246 ovis,

85 3256 153 3337 Qui
171 3254 279 3315 locant
300 3254 480 3315 caedundos
501 3272 600 3337 agnos
621 3267 655 3314 et
674 3254 773 3334 duplo
793 3258 946 3337 agninam
965 3255 1101 3329 danunt,

148 3427 207 3500 720.
224 3430 306 3487 Libri
322 3429 449 3510 soloece:
475 3431 505 3481 in
522 3429 574 3482 lios
597 3431 700 3500 platea.
740 3447 808 3512 με.
825 3433 870 3512 Ita
885 3433 964 3512 lunt.
980 3430 1046 3510 illd.
1062 3432 1141 3511 Cam,

83 3496 1140 3636 {libellulitlt.l'otit‘ttf‘iissii'iitffi‘natifilii

101 3646 144 3697 ὄις
162 3632 310 3699 impensior
324 3630 446 3697 frising.
463 3631 544 3699 Lang
565 3668 572 3682 .
613 3627 663 3686 all.
676 3644 703 3698 5,
727 3632 820 3685 nostri
836 3639 865 3683 et
881 3630 1031 3695 Bosaohae,
1049 3640 1084 3683 ut
1100 3634 1141 3684 ri·

83 3646 179 3763 detur,
198 3714 304 3760 onmes,
322 3697 393 3748 item
410 3698 530 3749 Meursii
545 3644 620 3749 liber
636 3706 667 3749 et
679 3697 819 3751 Palmarii
836 3707 866 3749 et
881 3703 949 3749 vett
966 3696 1047 3761 edd„
1065 3698 1147 3768 quod

81 3765 190 3816 merito
205 3764 325 3834 placuit.
356 3764 388 3815 V.
412 3762 570 3816 secundum
586 3762 648 3815 cod.
667 3765 797 3817 Comen:
815 3763 1001 3831 imperiosior,
1019 3763 1068 3815 sed
1086 3768 1144 3819 edi·

26 3828 32 3836 '
84 3831 190 3881 ctiones
208 3833 368 3899 imperiosos
382 3829 520 3882 habemus
535 3829 593 3898 756.
611 3830 654 3882 Gi.
661 3830 767 3884 Bacch.
784 3846 843 3897 479,
859 3828 960 3894 Pseud,
978 3830 1037 3896 786,
1056 3833 1141 3886 Truo.

82 3903 126 3955 80.
175 3912 232 3965 75²·
250 3899 293 3949 Ita
309 3896 388 3947 Cam.
406 3898 483 3947 Voss.
500 3896 535 3949 de
551 3895 633 3950 Anal.
652 3913 675 3962 1,
694 3913 746 3966 4a.‚
769 3897 818 3965 qui
835 3896 923 3948 metri
945 3912 1032 3949 causa
1044 3898 1141 3968 legen·

82 3960 154 4014 dum
171 3972 255 4033 putat
270 3964 383 4030 furfuri
400 3964 447 4032 qui
463 3964 543 4014 olunt
559 3981 637 4027 sues,
655 3964 732 4032 quod
748 3973 781 4015 ut
797 3963 866 4019 fiat.
889 3959 973 4015 nulla
989 3980 1073 4018 causa
1089 3977 1143 4030 est,

82 4043 151 4079 curu
175 4032 222 4099 qui
243 4029 298 4099 snb
319 4031 380 4081 ictu
396 4029 524 4098 positum
538 4046 602 4100 pron
617 4029 760 4099 liquescat
776 4029 1015 4101 corripieturque.
1048 4033 1147 4103 Quem

80 4101 182 4154 tamen
197 4096 328 4167 requitur
348 4094 479 4149 Borecha.
