2725 4659
322 263 324 265 ’
402 277 409 286 ·
457 234 767 311 AMPHITRUO.
793 291 796 298 -
1100 265 1146 336 17

77 421 171 484 Fecit
185 419 312 482 hercle:
330 438 409 482 nam
422 420 585 484 etismmi
595 419 713 486 misero
726 418 926 480 nnncmalae
940 417 1061 482 dolent.
1078 433 1143 497 255

82 504 169 584 Quid
186 506 288 585 igitur
308 524 370 584 ego
392 502 526 566 dubito?
555 512 617 642 aud
634 519 692 562 cur
711 520 777 562 non
796 504 921 563 introeo
942 504 976 563 in
997 514 1143 565 nostram

143 601 145 616 ¹
523 628 526 632 -
617 585 753 645 omum?
868 611 870 614 ·

81 667 147 736 Mn.
179 666 292 747 Quid?
322 665 458 738 domum
477 665 638 727 vostram?
680 664 735 729 So.
762 666 813 729 lta
838 667 1015 732 enimvero.

304 757 308 768 ’
562 745 632 809 Mn.
654 747 744 825 Quin
764 766 909 827 quaeque
929 751 1013 812 dixti
1032 752 1139 831 modo,
1167 749 1177 759 '

79 830 198 894 Omnia
218 826 410 893 ementitus:
428 829 577 909 equidem
598 847 670 890 sum
689 831 935 909 Amphitruonis
955 834 1059 895 Sosia:

34 973 38 983 ,
78 915 164 976 Nam
185 926 286 975 noctu
305 912 364 972 hac
385 912 489 974 solute
511 927 559 973 est
577 913 669 972 nevis
690 925 797 971 nostra
818 932 836 971 e
857 925 954 991 portu
973 918 1118 989 Persico3

78 998 132 1069 Et,
147 998 205 1058 ubi
211 995 338 1057 Pterela
354 1014 413 1055 rex
425 996 588 1077 regnavit,
603 993 761 1073 oppidum
775 997 1047 1075 expugnavimus3
1078 1006 1140 1064 260

77 1077 120 1139 Et
140 1079 283 1158 legiones
303 1076 519 1139 Teleboarum
541 1080 574 1137 vi
593 1074 771 1157 pugnando
792 1077 955 1152 cepimus:

77 1162 122 1223 Et
143 1162 229 1242 ipsus
244 1157 666 1300 Amphitruo-obmolita
681 1176 798 1240 regem
812 1158 976 1222 Pterelam
990 1160 1027 1220 in
1049 1182 1142 1244 proe-

71 1254 72 1257 ’
603 1261 645 1301 ro.
988 1245 1011 1303 i.
1033 1257 1057 1304 t.

24 1351 27 1357 Δ
78 1323 131 1386 So.
153 1323 291 1407 Egomet
310 1326 396 1389 mihi
421 1343 490 1387 non
509 1324 622 1395 credo,
651 1342 750 1402 quom
770 1320 866 1383 illaec
897 1334 1066 1388 autumare
1094 1328 1140 1389 iI·

591 1408 664 1467 lum
684 1405 800 1466 audio:
931 1417 956 1464 t.
979 1418 1003 1471 t.
1026 1429 1055 1474 c.

78 1487 140 1551 Hic
168 1490 299 1567 quidem
330 1500 435 1562 certe,
466 1508 547 1569 quae
574 1488 626 1549 illi
646 1500 722 1550 sunt
741 1506 796 1548 res
823 1496 950 1567 gestae,
979 1506 1142 1556 memorat

590 1573 792 1631 memoriter.
817 1594 859 1606 -

79 1652 142 1714 Sed
157 1653 234 1733 quid
247 1654 318 1715 ais?
333 1652 648 1733 quidAmphitrnoni
663 1673 683 1712 a
692 1650 848 1711 Telebois.
857 1663 905 1712 est
917 1652 1055 1717 datum?
1078 1661 1140 1737 265

81 1732 153 1798 Mu.
173 1736 303 1796 Pterela
322 1737 382 1796 'rex
404 1737 461 1815 qui
479 1737 616 1814 potitare
638 1735 747 1795 solitus
768 1745 832 1804 est,
852 1747 961 1812 patera
982 1758 1089 1805 aurea.

78 1816 129 1882 So.
153 1813 310 1881 Elocutus
331 1822 396 1880 est!
419 1845 461 1857 -
481 1818 547 1880 Ubi
574 1829 686 1959 patelrla
704 1833 793 1877 nnnc
813 1818 885 1876 est?
927 1815 998 1883 Mn.
1027 1821 1068 1880 ln
1095 1824 1140 1882 ci·

137 1949 142 1967 .
181 1932 184 1939 ·
592 1914 643 1961 ste
672 1901 745 1969 ula3

76 1980 326 2063 Amphitruonis
341 1982 508 2065 obsignata
522 1981 615 2063 signo
636 1995 693 2045 est.
736 1978 787 2040 So.
809 1978 900 2061 Signi
916 1980 967 2042 dic
980 1985 1055 2062 quid
1071 1989 1141 2048 est?

78 2062 151 2127 Mn.
174 2066 260 2127 Cum
281 2064 442 2149 quadrigis
463 2065 510 2125 sol
531 2066 690 2207 exoriens.
704 2147 718 2206 Ρ
734 2061 821 2140 Quid
834 2086 895 2125 me
915 2080 1044 2143 captas,
1072 2089 1140 2131 car·

591 2166 637 2205 nu
653 2167 695 2208 ex

79 2230 132 2295 So.
164 2231 375 2312 Argumentis
401 2230 522 2291 vincit!
554 2227 802 2371 aliffihinomen
839 2230 1063 2308 quaerundum
1094 2246 1143 2294 est
1188 2309 1190 2312 Ι

679 2353 689 2374 .
1078 2333 1138 2377 20

76 2396 219 2467 Nescio,
246 2393 334 2454 unde
360 2392 442 2455 haec
460 2391 518 2453 hic
543 2395 706 2477 spectavit.
745 2393 820 2455 Jaun
847 2411 908 2476 ego
935 2392 1027 2457 hunc
1053 2334 1141 2457 dec7i·

385 2529 387 2534 ,
594 2476 684 2554 piam
702 2477 820 2557 probe:

77 2565 171 2625 Nam
192 2558 277 2639 quod
297 2569 427 2639 egomet
448 2557 532 2619 solus
553 2557 636 2628 feci,
664 2576 727 2618 nec
747 2560 916 2638 quisquam
936 2561 1018 2623 alius
1039 2563 1144 2626 adfuit

77 2643 121 2706 In
139 2640 348 2712 tabernaclo,
377 2640 412 2700 id
433 2639 564 2720 quidem
583 2638 679 2700 hodie
698 2659 866 2719 nunquam
885 2648 1003 2723 poterit
1024 2646 1141 2710 dicere.

80 2726 115 2786 Si
134 2739 172 2784 tu
196 2723 284 2783 Sosia
305 2744 355 2795 es,
376 2722 521 2804 legiones
546 2742 646 2801 quom
666 2723 855 2804 pugnabant
875 2744 1041 2801 maxume,

79 2804 170 2885 Quid
190 2808 226 2866 in
241 2805 424 2866 tabernaclo
439 2806 565 2867 fecisti?
586 2804 696 2866 Victus
711 2825 794 2874 sum,
816 2808 844 2865 si
859 2806 988 2870 dixeris.
1003 2811 1024 2869 i.
1041 2821 1067 2874 t.
1083 2829 1143 2889 ⁹75

79 2888 151 2953 Mu.
175 2886 281 2949 Cadus
302 2900 370 2948 erat
391 2888 476 2959 vini3
504 2890 580 2949 inde
606 2887 739 2967 implevi
759 2888 909 2948 hirneam
931 2933 938 2950 .
961 2931 969 2949 .
1017 2888 1067 2955 So.
1090 2892 1144 2954 In·

281 3000 285 3006 ·
594 2980 734 3052 gressust
755 2971 858 3030 viam!
939 2984 962 3031 t.
983 2985 1007 3035 t.
1031 2991 1058 3037 c.

79 3052 151 3119 Mn.
172 3051 256 3114 Eam
274 3072 351 3135 ego,
371 3066 409 3113 ut
429 3062 535 3114 matre
555 3049 660 3111 fuerat
680 3065 814 3123 natum,
843 3052 911 3114 vini
931 3055 1031 3115 eduxi
1050 3063 1143 3122 meri.

79 3139 133 3200 So.
156 3135 244 3198 Mira
266 3148 358 3210 sunt,
378 3135 558 3207 nisilatuit
577 3135 667 3193 intus
688 3134 759 3195 illic
778 3137 814 3195 in
834 3134 910 3196 illac
925 3136 1054 3199 hirnea!

77 3215 219 3283 Factum
245 3215 330 3278 illud
358 3230 424 3290 est,
461 3230 500 3278 ut
529 3211 589 3299 ego
617 3215 687 3312 illic
715 3219 781 3276 vini
807 3217 956 3280 hirneam
986 3218 1146 3287 ebiberim

598 3317 692 3361 meri.
991 3321 1014 3366 r.
1038 3317 1061 3365 t.

149 3539 208 3592 255.
223 3521 271 3578 Sic
284 3519 349 3578 edd.
363 3522 484 3595 mediae,
497 3522 554 3580 nisi
567 3523 647 3597 qnod
660 3521 769 3579 babent
786 3519 854 3594 mitt
866 3520 927 3582 mis.
940 3523 973 3582 V.
987 3543 1146 3601 pronomen
1208 3528 1210 3532 '

79 3594 277 3659 desideratur,
293 3605 398 3647 ruente
410 3594 526 3665 quidem
541 3607 636 3649 versu.
670 3593 788 3646 Guelf.:
814 3596 921 3647 miser-e.
955 3599 1000 3645 An
1019 3596 1092 3648 suit:
1120 3620 1146 3653 n.

78 3676 108 3713 et
120 3663 219 3712 misero
239 3663 334 3711 misere
347 3680 375 3714 n.
395 3683 430 3716 m.
443 3664 471 3714 d.
504 3677 518 3711 2
538 3669 562 3722 8.
579 3661 635 3724 Va
657 3660 732 3728 Quin
749 3674 817 3730 quoe
836 3659 942 3711 dixisti.
976 3661 1032 3713 Sed
1051 3661 1140 3736 pleri.

78 3744 139 3797 que
152 3741 252 3778 ornnes
263 3725 347 3778 libris
368 3745 505 3797 quosqam
520 3678 666 3795 lrangitni
684 3720 771 3779 etiam
785 3730 865 3780 dixti.
899 3724 956 3792 263.
973 3728 1096 3787 Helmst.
1112 3744 1143 3787 et

77 3807 213 3859 Monac:
232 3807 290 3872 Ego
303 3804 424 3858 mihimet
436 3824 491 3857 non
512 3823 548 3859 cr.
585 3806 642 3871 265.
659 3804 742 3859 Libri
758 3820 842 3859 versu
856 3795 958 3868 μειέρῳε
975 3824 992 3856 a
1012 3807 1071 3863 lei.
1083 3810 1142 3863 dat.

79 3875 147 3924 est?
180 3870 318 3925 Helmst..
338 3888 354 3921 a
371 3873 431 3924 Tel.
446 3869 567 3922 hostibus
585 3874 612 3922 d.
632 3891 681 3939 e..
695 3873 772 3924 unde
790 3873 862 3923 olim
880 3873 951 3926 feci:
972 3891 989 3922 o
1006 3874 1065 3928 Tel.
1084 3876 1142 3928 dat.
1171 3909 1174 3914 -

78 3937 305 3990 hostibusthf.
323 3950 381 4017 574.
417 3938 542 4009 267.V.=
568 3939 678 3992 cistula.
712 3936 812 3991 Nostri
832 3950 860 3991 et
874 3938 948 3994 Pall.
968 3949 1009 4004 §.a
1029 3943 1148 3995 cistella.

78 4006 229 4056 Neutrum
253 4018 348 4054 versut
368 4005 489 4057 sufficit.
529 4004 671 4057 Helmst.t
697 4007 743 4055 ubi
763 4019 820 4073 pot.
842 4013 1060 4061 marcomere?
1093 4023 1151 4078 πῃ.

78 4069 265 4124 Vocabulum
277 4071 335 4120 vini
346 4085 441 4142 neque
456 4071 503 4123 hic
516 4085 619 4142 neque.
634 4086 692 4139 ⁹79·
706 4069 872 4125 elidendum
886 4083 938 4128 est.

903 4209 923 4259 2
