2725 4659
462 274 747 347 MERCATOR.
985 379 987 384 Ι
1064 298 1139 370 459

73 452 1147 536 Adduxisset,baitcresciscenspaterproduxit,venalempraebuit.·

71 538 139 601 Do.
158 540 251 611 Atat,
272 539 365 597 novi:
388 554 503 598 verum
518 537 642 598 dixerat
661 536 767 606 filius;
789 556 849 617 ego
869 537 981 597 mariti
997 541 1136 601 amicam

586 619 744 700 putabam
769 622 847 681 mei.
1092 635 1134 698 45

72 703 161 780 Quoi
186 705 260 763 data
282 702 352 763 est?
394 706 452 764 Pr.
474 699 550 764 Seni
573 702 724 780 quoidam
747 703 851 762 amico
868 703 903 761 in
929 700 990 760 hac
1009 705 1134 765 ricinia.

70 786 179 847 Credo
193 785 248 845 hio
267 785 369 845 alium
391 798 519 864 praeter
538 799 635 846 tuum
654 787 798 846 amicum
817 784 934 847 habere
958 788 1135 848 neminem,

66 866 136 929 Do.
157 867 205 928 Ea
219 867 352 948 quidam
368 880 425 929 est.
456 866 544 946 Quid
556 864 669 932 filius?
711 868 769 930 Pa.
791 866 917 927 Urbem
933 865 1017 926 hanc
1034 889 1070 931 se
1081 866 1135 927 de·

583 963 746 1012 serturum
768 963 929 1013 autumat

67 1030 135 1091 Do.
149 1031 188 1092 In
204 1045 301 1111 portu
317 1052 368 1095 res
384 1045 442 1096 est.
484 1031 584 1113 Quid,
598 1034 627 1093 si
643 1033 827 1093 invenerit?
869 1035 928 1094 Pe.
945 1028 1137 1094 Mansuram

585 1116 722 1177 credito.
752 1139 758 1162 ε
802 1165 805 1172 ,
1096 1175 1099 1180 ,

65 1195 137 1259 Do.
146 1196 277 1258 Praeter
285 1216 375 1277 spem
383 1197 484 1258 salvae
493 1217 614 1269 sumus,
621 1215 665 1257 ne
673 1196 802 1256 dubita:
820 1197 905 1275 apud
912 1216 964 1257 me
974 1215 1011 1255 ea
1023 1209 1078 1258 est
1096 1213 1137 1273 50

66 1281 129 1340 Pr.
145 1279 238 1358 Apud
253 1278 308 1345 tei
328 1278 377 1339 Ea
391 1294 469 1350 erat,
481 1282 609 1361 opinor,
625 1278 665 1339 de
680 1298 744 1358 qua
756 1280 846 1359 loqui
861 1283 894 1340 'te
910 1280 1014 1340 audivi
1029 1280 1137 1340 modo.

65 1360 198 1424 DaEt.
220 1361 553 1427 PaOiactumbenei
569 1360 691 1422 Merito
699 1375 731 1421 te
738 1382 828 1423 amo:
845 1364 1012 1422 restituisti
1019 1361 1136 1423 tilium.

65 1443 132 1503 Fac
145 1443 277 1507 videam.
318 1445 380 1506 Do.
399 1444 518 1506 Eamus
530 1447 627 1506 intro.
669 1444 726 1505 Pa.
743 1445 873 1505 Eamus.
894 1444 1032 1524 Lycissa,
1044 1443 1139 1503 adest

65 1525 265 1588 Acanthioni
285 1526 366 1589 haee
379 1529 514 1599 nuntia3
537 1548 598 1607 ego
621 1526 661 1587 ad
672 1527 853 1609 Dorippam
870 1526 938 1587 huc
960 1527 1138 1589 devorem,

526 1639 699 1657 uun*

340 1724 869 1792 CHARINUS.

19 1846 21 1879 f
67 1839 188 1903 Limen
214 1862 366 1925 superum
401 1843 608 1926 inferumque
636 1839 745 1912 salve,
780 1841 881 1906 simul
907 1852 1018 1982 aptam
1045 1833 1137 1898 vaiet

543 1983 546 1992 ,
779 1937 807 1984 t.
826 1938 850 1984 t.
872 1943 899 1987 c.
950 1966 959 1994 ,
984 1942 1011 1983 r.
1074 1931 1139 1988 820-

65 2004 167 2068 Hunc
189 2004 287 2067 hodie
303 2018 505 2087 postremum
528 2007 649 2069 extollo
671 2026 744 2068 mea
765 2005 863 2066 domo
882 2006 986 2085 patria
1007 2001 1138 2082 pedem

66 2087 166 2158 Usus,
187 2088 324 2162 fructus,
346 2092 461 2163 victus,
482 2089 591 2151 cultus
611 2089 679 2165 jam
698 2088 782 2149 mihi
800 2087 924 2148 harunc
944 2085 1077 2149 aedium

65 2167 296 2240 Interemtusn
317 2172 538 2244 interiectust,
550 2173 751 2234 alienatust!
784 2168 919 2233 Occidit

65 2253 115 2312 Di
135 2267 265 2333 penates
286 2273 399 2315 meum
421 2269 608 2334 parentum,
628 2252 768 2314 familiai
789 2252 851 2311 Lar
871 2266 974 2333 pater,

65 2333 170 2396 Vobis.
183 2334 311 2406 mando,
325 2355 438 2400 meum
453 2351 628 2418 parentum
640 2355 711 2397 rem
726 2335 810 2396 bene
821 2347 858 2394 ut
871 2334 1039 2396 tutemini.
1073 2342 1134 2411 825

66 2418 141 2498 Ego
161 2415 246 2479 mihi
266 2419 345 2480 alios
367 2419 442 2478 deos
462 2421 585 2501 penatis
607 2437 798 2502 persequer,
819 2418 922 2479 alium
944 2417 1071 2488 Larem,

67 2500 178 2560 Aliam
197 2501 332 2570 urbem,
354 2498 453 2563 aliam
475 2504 663 2564 civitatem:
683 2501 724 2561 ab
744 2501 861 2562 Atticis
881 2497 1058 2560 abhorreo:

65 2585 158 2646 Nam
176 2579 236 2643 ubi
254 2602 362 2645 mores
380 2582 553 2648 deteriores
571 2583 800 2647 increbescunt
819 2580 935 2655 indies,

67 2662 147 2737 Ubi,
168 2665 224 2745 qui
244 2665 354 2734 amici,
376 2666 432 2746 qui
451 2666 598 2730 infideles
619 2668 700 2737 sint,
722 2683 863 2746 nequeas
883 2681 1084 2743 pernoscere,

66 2746 199 2827 Ubique
212 2747 247 2808 id
259 2749 424 2827 eripiatur,
440 2751 550 2810 animo
564 2763 620 2811 tuo
636 2748 725 2828 quod
739 2749 866 2827 placeat
879 2764 1054 2812 maxumer
1073 2759 1134 2826 850

20 2880 21 2883 η
66 2830 119 2892 lbi
140 2828 273 2912 quidem
294 2829 321 2891 si
340 2849 479 2912 regnum
500 2832 612 2905 detur,
634 2851 703 2893 non
722 2844 769 2892 est
789 2829 901 2908 cupita
920 2831 1041 2894 civitas.

281 3014 577 3078 EUTYCHUS.
635 3014 918 3078 CHARINUS.

66 3132 126 3196 Etr.
153 3132 350 3213 Ecquisnam
377 3132 457 3194 deus
485 3144 550 3205 est,
580 3130 635 3208 qui
662 3150 736 3191 mea
762 3130 851 3193 nunc
876 3131 981 3194 laetus
1009 3132 1133 3193 laetitia

21 3217 22 3224 ’
582 3214 677 3274 tuat?
817 3228 840 3276 t.
861 3228 885 3276 t.
909 3216 997 3287 ev,
1019 3233 1049 3275 s.

65 3298 168 3360 Domi
188 3313 276 3368 erat,
297 3298 385 3378 quoti
407 3294 646 3378 quaeritabam!
690 3294 753 3357 Sex
774 3297 886 3359 sodalis
905 3297 1022 3378 reperi,
1139 3375 1141 3378 Ι

66 3384 184 3457 Vitam,
204 3383 400 3452 Amicitiam,
422 3382 609 3452 Civitatem,
628 3377 769 3451 Ludum,
788 3379 976 3450 Laetitiam,
997 3379 1131 3449 iocum3

64 3464 191 3525 Eorum
215 3465 352 3523 inventu
374 3486 425 3525 res
447 3465 559 3527 simitu
581 3480 745 3541 pessumas
768 3462 978 3541 pessumdedi‚
1070 3472 1132 3539 855

65 3547 171 3618 Iram,
190 3543 416 3621 inimicitiam,
438 3546 636 3617 Stultitiam,
656 3543 824 3618 Exitium,
845 3545 1072 3612 pertinaciam,
1136 3566 1139 3570 ’

132 3688 191 3746 804
206 3678 289 3732 Libri
307 3672 431 3748 ἱμέτρωςι
444 3679 590 3748 familiae.
642 3685 700 3748 832.
717 3681 793 3733 Anto
808 3680 887 3731 hunc
904 3692 1018 3731 versum
1034 3678 1131 3749 inepte

65 3762 310 3823 repetunturfipo,
329 3763 360 3807 et
373 3752 502 3824 se'qnens.
549 3762 608 3821 853.
631 3752 754 3823 Legitur
769 3753 874 3821 vulgo,
899 3753 997 3805 invitis
1014 3756 1133 3807 vetustis

65 3822 164 3874 libris:
183 3820 221 3870 ibi
237 3839 286 3871 sex
303 3830 358 3874 etc.
409 3831 466 3889 855.
490 3822 540 3874 V.t
556 3823 588 3871 E.
614 3820 633 3871 i.
652 3838 696 3871 res
713 3822 807 3871 decem
823 3822 886 3876 sim.
909 3838 935 3886 p.
953 3838 979 3887 p.
1002 3819 1083 3874 MSS.
1101 3832 1132 3873 et

65 3894 136 3938 vett
154 3885 234 4005 epil.
258 3889 290 3939 Ε.
308 3891 467 3940 inventurus
483 3889 535 3939 sim
557 3904 583 3956 p.
607 3905 634 3955 p.
669 3888 770 3939 Eorum
793 3903 850 3939 non
874 3885 1020 3956 liquescit.
1073 3889 1130 3955 836.

65 3970 95 4006 se
115 3969 146 4006 u.
186 3970 240 4011 a.:
509 3983 512 3990 ·
668 4003 671 4010 ,

97 3971 115 4023 q
190 4022 281 4086 Imm,
300 4020 491 4085 inimicitiam,
508 4037 670 4085 moerorem,
688 4019 833 4081 lacrimas,
852 4019 980 4085 exilium,
998 4021 1128 4089 inopiam,

192 4086 388 4154 Solitudinem,
406 4087 576 4153 stulticiam,
595 4087 724 4152 exitium,
741 4086 932 4154 pertinaciam.
