2725 4659
270 317 338 386 150
614 287 668 359 M.
712 281 768 357 aq
798 281 983 358 rusori

269 472 328 535 Eu.
350 472 418 533 Cur
432 470 466 532 id
480 485 574 529 ausus
588 466 712 544 lucere,
733 469 773 528 ut
785 467 835 540 id,
857 468 943 548 quod
956 480 1048 530 tuom
1061 487 1128 530 non
1145 480 1237 539 esset,
1258 481 1319 530 tan·
1345 467 1346 552 l

275 581 281 592 ·
800 551 889 619 eres?
1133 565 1158 615 t.
1174 566 1198 612 t.
1218 573 1244 611 c.
1345 607 1346 622 ἦ

269 639 305 699 L.
334 637 423 718 Quid
448 637 493 695 vis
514 635 608 696 fieri?
641 570 850 697 Factumgest
869 634 968 696 illud:
997 633 1249 696 fieri-infectum
1260 654 1317 695 nou
1345 637 1346 708 ζ

782 730 896 797 potest.
1345 749 1346 754 1

268 804 352 864 Deos
366 801 501 861 voluisse
518 800 632 860 credo:
654 819 734 868 uam
754 798 948 869 nivelleut,
970 820 1037 861 non
1048 798 1162 874 fieret,
1185 802 1259 861 scio.
1270 801 1288 861 i.
1296 813 1315 859 t.

267 885 326 948 Eu.
348 893 391 945 At
417 903 477 964 ego
503 883 578 943 deos
601 883 696 943 credo
718 881 876 954 voluisse,
903 895 941 943 ut
955 884 1041 965 apud
1057 903 1111 942 me
1131 895 1165 943 te
1180 885 1315 943 innerso

782 966 925 1025 enicem!
1265 985 1313 1041 7⁰⁰

267 1051 305 1113 L.
325 1051 376 1111 Ne
392 1050 476 1112 istuc
491 1046 593 1108 dixis!
637 1043 699 1107 Eu.
728 1046 813 1126 Quid
836 1048 897 1109 tibi
915 1066 991 1130 ergo
1014 1065 1124 1108 meam
1148 1068 1204 1108 me
1227 1052 1311 1109 invito

783 1131 880 1191 tactio
897 1144 947 1192 est
967 1131 981 1188 ἓ
1130 1144 1156 1192 t.
1174 1144 1199 1192 t.
1216 1151 1242 1193 c.

266 1217 302 1275 L.
319 1214 403 1292 Quia
417 1215 482 1273 vini
499 1197 640 1292 vitiot‘pue
652 1215 776 1272 amoris
784 1212 858 1274 feci.
898 1212 957 1273 Eo.
972 1211 1085 1272 Homo
1096 1214 1311 1280 audacissime,
1345 1215 1346 1218 ’

244 1328 247 1334 ·
268 1297 353 1356 Cum
369 1298 493 1356 istacin*
508 1308 541 1354 te
551 1300 695 1354 oratione
703 1295 768 1354 huc
776 1296 816 1354 ad
824 1312 877 1355 me
887 1296 972 1355 adire
986 1295 1125 1355 ausum?
1146 1294 1311 1377 Inpudeos!

267 1382 352 1441 Nam
373 1380 400 1438 si
415 1381 497 1437 istuc
511 1376 559 1451 jus
575 1389 640 1452 est,
662 1389 700 1448 ut
713 1391 752 1436 tu
767 1378 847 1437 istuc
865 1395 1016 1438 excusare
1035 1379 1170 1457 possiesz
1210 1433 1214 1438 .

267 1461 355 1519 Luce
370 1460 455 1519 claro
468 1460 661 1539 deripiamus
678 1478 794 1518 aurum
812 1460 967 1520 matronis
982 1456 1109 1540 palam3
1263 1478 1312 1541 705

268 1546 345 1604 Post
361 1541 395 1599 id
412 1543 438 1602 si
456 1543 562 1621 prensi
577 1541 754 1614 fuerimus,
777 1561 978 1620 excusemus:
1002 1541 1106 1602 ebrios

268 1624 334 1683 Nos
350 1624 460 1684 fecisse
477 1624 596 1684 amoris
611 1643 713 1684 causa.
735 1622 843 1684 Nimis
854 1625 916 1688 ,vile
934 1627 1104 1684 estvinum
1120 1638 1217 1706 atque
1227 1643 1310 1692 amor,

269 1705 303 1764 Si
318 1706 405 1766 ebrio
421 1720 518 1785 atque
543 1706 666 1766 amanti
681 1708 803 1786 inpune
818 1706 945 1779 facere,
974 1707 1059 1784 quod
1078 1706 1210 1777 lubeat,
1238 1708 1310 1767 licet.

267 1790 305 1850 L.
327 1788 414 1865 Quin
427 1787 488 1848 tibi
506 1788 592 1848 ultro
611 1787 827 1867 supplicatum
846 1790 942 1848 venio
961 1791 1001 1849 ob
1025 1789 1196 1850 stultitiam
1210 1809 1309 1850 meam.

267 1869 327 1933 Eu,
353 1873 430 1933 Non
444 1870 528 1932 mihi
547 1870 697 1931 homiues
717 1872 864 1955 placent,
892 1872 965 1952 qui,
994 1872 1122 1951 quando
1136 1872 1224 1940 male
1242 1873 1310 1931 fece-

338 1965 343 1974 '
426 2003 433 2018 .
465 1965 469 1970 ’
781 1965 879 2024 runt,
901 1954 1078 2034 purgitant.
1114 1953 1136 2015 i.
1160 1968 1183 2013 t.
1263 1969 1310 2031 710

207 2043 211 2048 '
269 2036 322 2096 Tu
337 2035 429 2096 illam
439 2037 540 2097 scibas
554 2047 720 2116 nontuam
732 2055 816 2095 esser
829 2054 896 2094 non
905 2048 1062 2115 attactum
1077 2039 1231 2116 oportuit.
1238 2050 1312 2095 tto.
1345 2047 1346 2080 l

268 2119 305 2177 L.
321 2117 406 2199 Ergo
420 2122 493 2199 quia
507 2137 579 2178 sum
593 2130 725 2197 tangere
738 2135 848 2181 ausus:
868 2116 957 2176 haud
966 2117 1144 2198 causificor,
1162 2124 1243 2198 quin
1255 2139 1311 2178 eam

268 2203 337 2283 Ego
360 2199 500 2261 habeam
525 2201 752 2280 potissumum.
779 2201 861 2262 Eu,
895 2198 983 2260 Tuu'
1009 2202 1123 2263 habeas
1145 2202 1313 2261 me-invito

782 2283 918 2342 meam?
1345 2321 1346 2348 1

266 2365 302 2423 L.
324 2365 421 2425 Haud
442 2377 474 2425 te
491 2364 596 2423 invito
611 2364 755 2444 postulo;
787 2365 841 2423 sed
863 2383 970 2424 meam
990 2383 1056 2425 esse
1077 2378 1222 2443 oportere
1243 2364 1315 2426 arbi·
1345 2363 1346 2436 ἶ

780 2448 858 2510 ἴΙὍΓο
924 2495 926 2502 ν
1020 2467 1066 2511 aso
1081 2460 1104 2506 l·
1122 2449 1153 2508 d·
1171 2451 1192 2518 i·
1214 2448 1243 2513 d.
1345 2443 1346 2532 l

266 2527 357 2606 Quin
370 2541 407 2586 tu
424 2547 496 2587 eam
510 2527 665 2599 iuvenies,
687 2529 832 2610 inquam,
852 2530 952 2589 illanc
965 2547 1072 2589 meam
1085 2550 1150 2591 esse
1167 2545 1312 2611 oportere,

381 2663 388 2670 .
779 2611 902 2673 Euclio.
1263 2635 1313 2692 715
1345 2607 1346 2690 l

266 2688 327 2752 Eu,
343 2689 362 2748 J
364 2694 416 2750 am
429 2690 558 2769 quidem
575 2689 685 2751 hercle
696 2685 733 2757 fte
748 2693 788 2753 ad
796 2708 974 2769 praetorem
986 2697 1110 2775 rapiam
1126 2708 1159 2756 et
1173 2696 1236 2758 tibi
1249 2701 1313 2758 scri·
1345 2695 1346 2770 ξ

780 2775 857 2834 bam
869 2777 985 2848 dicam,
1137 2792 1160 2841 t.
1177 2793 1243 2853 tc,
1345 2789 1346 2842 i

266 2853 337 2914 uto
354 2853 471 2914 refers!
513 2854 551 2915 L.
577 2854 663 2933 Quia
682 2858 744 2917 tiu
763 2878 823 2939 ego
843 2859 1007 2919 referam?
1049 2857 1109 2921 uu.
1142 2861 1239 2939 Quod
1262 2862 1313 2923 stu

783 2940 1297 3021 subripuistimeum.as.t.d.'url.
1345 2985 1347 3018 ,

267 3017 302 3077 L.
326 3014 479 3100 Subripui
496 3040 553 3101 ego
573 3020 688 3089 tuom?
708 3022 818 3089 unde?
839 3039 894 3083 aut
906 3025 982 3101 quid
995 3023 1028 3082 id
1044 3026 1112 3084 est?
1154 3026 1207 3087 E.
1229 3027 1274 3087 lta
1287 3041 1312 3087 te

590 3171 596 3184 ‚
778 3105 899 3166 amabit
914 3108 1051 3184 Jupiter,
1132 3122 1155 3170 t.
1174 3123 1197 3169 t.
1214 3129 1241 3172 c.

268 3177 310 3239 Ut
325 3190 361 3240 tu
375 3184 492 3242 nescis!
514 3183 549 3250 L.
565 3185 637 3246 Nisi
653 3188 783 3266 quidem
796 3200 833 3247 tu
840 3187 932 3259 mihi,
947 3189 1023 3269 quid
1039 3209 1180 3268 quaeras,
1194 3194 1312 3253 dixeris.

265 3260 323 3323 Eo.
346 3265 464 3326 Aulam
479 3270 566 3341 auri,
589 3271 742 3348 iuquam,
763 3284 797 3333 te
814 3283 959 3412 rpposco‘,
991 3291 1087 3350 quam
1102 3287 1140 3333 tu
1161 3276 1314 3336 confessus

778 3371 862 3412 m11
1262 3376 1313 3436 720

330 3558 388 3627 697.
406 3561 448 3612 Ita
462 3559 557 3613 Guelf.
571 3570 599 3613 et
611 3563 726 3614 Monac.
741 3565 791 3618 Va
808 3577 959 3619 nortuum.
1002 3582 1059 3636 700.
1077 3569 1125 3619 V.:
1145 3574 1221 3641 apud
1235 3586 1259 3622 re
1271 3587 1312 3621 me.

249 3619 397 3687 ¹Correxit
413 3628 565 3679 Meursius.
616 3627 674 3696 706.
691 3631 781 3682 Liber
796 3632 877 3689 Cam.
897 3634 1049 3700 etPal.5.:
1073 3643 1177 3704 prensi.
1210 3636 1311 3690 Guelt:

258 3692 413 3758 fuerimus,
432 3695 462 3743 in
475 3711 532 3761 quo
544 3696 554 3744 i
566 3692 665 3746 littera
682 3696 865 3763 producenda
877 3708 934 3762 est,
953 3702 1026 3752 sicut
1038 3703 1069 3753 in
1081 3700 1190 3755 talibus
1203 3705 1267 3757 fieri
1277 3720 1312 3756 so·

263 3760 304 3809 let
319 3757 395 3825 apud
412 3763 518 3825 politas.
548 3762 597 3815 V.:
615 3762 744 3831 proli-ensi
760 3782 860 3815 sumus.
895 3766 1015 3834 Aliquot
1034 3767 1099 3824 edd.
1117 3779 1203 3822 vett:
1229 3774 1312 3823 simus.

185 3837 187 3844 ¹
264 3837 320 3890 715.
337 3823 489 3877 ItaGuelf.
504 3834 534 3876 et
549 3825 707 3879 Helmstad.
726 3831 752 3880 V,
767 3849 774 3876 τ
792 3835 980 3883 ιηιαιηὶἰίωη.
1031 3850 1088 3901 717.
1113 3837 1260 3891 Posterius
1272 3836 1314 3889 riti

262 3891 431 3941 arcessitum
443 3906 476 3940 ex
489 3892 656 3946 Monacensi
686 3894 727 3946 ef.
741 3906 791 3962 589
828 3900 968 3951 V.autem
982 3900 1031 3951 hic
1046 3914 1226 3956 versusante
1240 3919 1311 3973 prae·

262 3972 390 4033 gressum
441 3956 529 4021 uitur,
542 3961 647 4011 merito
660 3962 842 4029 improbante
855 3966 995 4035 Acidalio,
1007 3983 1096 4037 quem
1111 3984 1229 4039 sequor.
1260 3978 1312 4039 7¹³»

263 4022 309 4073 Src
320 4023 393 4074 Pell.
433 4024 562 4076 elmstad.
574 4027 689 4081 Monac.
706 4031 755 4084 V.:
775 4032 907 4101 Surripio.
