2725 4659
225 893 907 1073 ³sruouoous

366 1460 471 1552 Lau
492 1458 837 1526 ‘rrurrrrnra

71 1656 133 1767 N
134 1724 153 1764 e
174 1706 243 1784 quis
263 1705 419 1778 miretur,
439 1706 497 1786 qui
518 1706 597 1777 sim,
617 1707 727 1786 paucis
747 1693 903 1787 eloquan‘

72 1794 141 1876 Ego
161 1795 225 1855 Lar
246 1814 318 1855 sum
338 1793 505 1856 familiaris
526 1813 568 1855 ex
588 1793 649 1855 hac
669 1795 807 1867 familia,

72 1877 166 1939 Unde
188 1889 364 1938 exeuntem
384 1896 439 1936 me
457 1878 657 1958 adspexistis.
700 1876 793 1938 Hanc
814 1876 950 1938 domum

71 1961 145 2022 lam
165 1962 286 2020 multos
306 1977 406 2024 annos
427 1973 476 2022 est
497 1978 595 2044 quom
616 1959 762 2038 possideo
783 1973 815 2019 et
836 1960 910 2019 colo

73 2044 224 2121 Patrique
244 2043 366 2120 av'oque
387 2041 453 2117 jam
472 2039 586 2118 hujus,
608 2043 672 2123 qui'
684 2061 772 2101 nunc
792 2041 846 2101 hic
867 2042 974 2106 habet.

14 2167 20 2182 .
73 2126 133 2187 Sed
154 2144 227 2185 avos
248 2125 332 2186 mihi
352 2124 449 2199 hujus
471 2125 638 2187 obsecrans
658 2123 858 2186 concredidit

71 2205 154 2272 Auri
173 2206 364 2267 thesaurum
386 2207 472 2268 clam
494 2210 615 2279 omnis3
637 2207 674 2269 in
692 2207 800 2269 medio
820 2207 892 2267 foco

71 2290 224 2362 Defodit‚
244 2310 397 2354 venerans
417 2291 546 2363 me,‘ut
567 2291 602 2355 id
622 2308 785 2353 servarem
805 2288 875 2348 sibi.

69 2371 279 2453 lc'quoniam
300 2375 461 2442 moritur,
481 2373 528 2432 ita
547 2371 640 2432 uvido
661 2373 795 2454 ingenio
815 2371 897 2438 fuit:

71 2459 251 2540 Nunquam
271 2455 415 2518 indicare
435 2456 470 2520 id
488 2454 558 2516 filio
578 2448 685 2536 voluit
706 2474 773 2527 suo,

70 2539 270 2619 Inopemque
290 2538 413 2622 optavit
432 2538 539 2617 potius
560 2556 637 2600 eum
656 2534 852 2616 relinquere,

73 2623 184 2701 Quam
205 2640 282 2682 eum
301 2622 490 2682 thesaurum
509 2631 765 2682 conmonstraret
784 2619 864 2684 filio.

70 2708 153 2786 Agri
172 2704 305 2783 reliquit
325 2704 369 2764 eii
389 2722 457 2768 non
476 2720 634 2784 magnum
653 2703 802 2774 modurn,

65 2788 142 2867 ‚Qui
162 2806 238 2850 cum
257 2785 362 2853 labore
382 2804 501 2868 magno
522 2801 554 2846 et
575 2788 693 2847 misere
715 2785 848 2846 viveret.

68 2871 138 2936 Ubi
158 2870 185 2930 is
204 2868 285 2930 obiit
305 2882 467 2941 mortem,
489 2869 546 2949 qui
566 2867 600 2930 id
619 2865 706 2932 mihi
724 2886 841 2932 aurum
861 2867 1017 2937 crediditr
1099 2890 1138 2950 ¹5

71 2953 173 3033 Coepi
192 2953 377 3023 observare,
399 2952 494 3031 ecqui
513 2950 670 3027 majorem
692 2949 780 3012 filius
977 3000 980 3005 ,

70 3033 124 3094 Mi
144 3034 300 3100 honorem
318 3034 467 3105 haberet,
490 3027 592 3118 quani
607 3031 675 3106 eius
695 3031 859 3096 habuisset
878 3047 977 3116 pater.

69 3121 178 3198 Atque
199 3115 256 3178 ille
273 3137 346 3178 vero
366 3117 475 3178 minus
495 3117 666 3194 minusque
691 3109 846 3196 inpendio

69 3201 210 3271 Curare,
230 3200 399 3281 minusque
421 3220 476 3260 me
492 3201 647 3279 inpertire
666 3198 853 3266 honoribus.
902 3237 903 3244 κ

69 3284 160 3366 ltem
180 3301 198 3342 a
219 3303 272 3343 me
293 3282 551 3348 contrafactum
572 3293 638 3344 est:
660 3282 838 3342 tramitem
860 3282 942 3348 obiit
963 3284 1058 3348 diem.
1095 3304 1134 3347 20

69 3366 218 3444 Reliquit
238 3367 265 3424 is
286 3362 328 3425 e'u
350 3386 382 3424 se
403 3361 513 3438 hunc‚'
531 3365 586 3441 qui
607 3362 662 3423 hic
682 3382 769 3423 nunc
790 3363 932 3439 habitat,
955 3367 1065 3429 filium

68 3448 195 3508 Pariter
214 3461 397 3519 moratum,
418 3460 456 3508 ut
475 3461 568 3529 pater
590 3464 724 3526 avosque
744 3446 841 3522 hujus
862 3451 937 3516 fuit.

68 3530 156 3591 Huic
177 3529 244 3592 fflia
266 3550 333 3591 una
353 3544 422 3600 est3
445 3549 483 3590 ee
503 3526 587 3594 mihi
607 3528 724 3592 cotidie
772 3597 792 3604 ,,

68 3615 136 3675 Aut
158 3626 251 3687 ture,
272 3613 327 3702 aut
348 3614 445 3684 vino,
467 3615 524 3676 aut
545 3611 646 3699 aliqui
667 3630 794 3695 semper
816 3614 1019 3696 snpplicat5,

136 3789 214 3839 Vero.
232 3802 259 3855 7.
287 3785 332 3842 Ita
348 3786 459 3857 scriptio
476 3788 524 3845 vn
550 3786 631 3840 lltes.
649 3790 720 3840 ouri.
773 3804 813 3854 14·
843 3787 888 3840 Sic
912 3788 973 3842 Lau
998 3787 1062 3850 ‘sni
1086 3794 1134 3846 V.:

73 3854 135 3923 Quo
155 3872 215 3905 cum
234 3862 288 3908 etc.
341 3854 513 3908 1.lidemt
536 3854 683 3922 impertire.
722 3854 856 3909 Alterum
879 3871 951 3905 aevo
995 3856 1070 3910 lauti
1093 3859 1137 3911 di·

68 3922 162 3991 gnius,
197 3919 268 3971 Vide
284 3867 444 3972 Broudhus.
463 3920 499 3973 ad
514 3917 646 3992 Propert.
665 3934 697 3985 a,
722 3936 755 3985 2,
782 3936 827 3987 11,
852 3920 961 3974 Tibull.
981 3939 1013 3989 r,
1036 3940 1068 3993 7,
1092 3943 1135 3992 44„

69 3997 101 4041 et
117 3986 296 4039 Pontederoo
312 3986 448 4040 libellum
466 3986 501 4037 do
516 3995 613 4038 vetere
630 3985 777 4038 scribendi
790 3986 922 4052 ratione,
945 4001 1033 4058 quem
1051 3992 1136 4046 libel-

67 4053 134 4105 lum
153 4053 290 4118 editioni,
315 4053 350 4104 ab
372 4054 434 4121 ipso
460 4061 593 4121 curatae,
621 4054 794 4125 scriptorum
815 4056 991 4112 rusticorum
1012 4059 1136 4112 inscruit

67 4117 278 4176 celeberrimus
294 4119 458 4174 Schneider.
526 4172 530 4182 „
