2725 4659
237 267 315 342 148
577 255 650 326 M„
674 258 719 325 A.
761 253 944 328 PLAUH

239 433 276 496 C.
299 434 476 514 Quidest,
505 453 568 516 qua
589 454 680 497 nunc
701 436 852 516 prohibes
880 436 980 562 gpotia
1002 454 1060 496 nor
1088 451 1230 515 coquere
1252 432 1299 493 hio
1336 419 1337 482 l

492 565 496 570 -
549 563 553 570 -
757 531 910 579 coenam.
1068 523 1076 536 ‘

240 598 327 676 Quid
347 600 496 674 fecimus,
512 600 590 680 quid
609 601 672 662 tibi
688 602 844 673 diximus,
859 620 948 661 secus
966 618 1062 679 quam
1078 597 1203 659 velles?
1246 617 1299 677 590

237 680 298 742 Eo:
320 683 432 744 Etiam
447 700 551 764 rogas,
568 684 699 745 scelesto
719 684 842 746 homo?
879 683 966 762 Quia
995 682 1106 762 anglos
1123 682 1246 758 tunnis

238 761 391 824 Moerum
412 767 540 824 aedium
561 780 594 826 et
614 768 815 827 conclavium
837 766 920 827 mihi
940 767 1085 846 perviam
1106 765 1229 828 facitis.

240 846 279 905 Id
300 846 358 907 ubi
378 846 439 907 tibi
460 860 527 907 erut
548 854 730 933 negotium,
752 850 793 909 ad
814 849 926 909 iocum
947 852 974 910 oi
994 847 1133 910 adesses:
1252 905 1256 914 .

238 931 315 990 Non
336 929 455 991 fissiled
475 925 609 994 haberes
630 945 735 1013 ceput.
759 930 880 993 Merito
902 931 934 993 id
955 928 1016 991 tibi
1034 929 1158 988 factum
1180 929 1242 990 est!

238 1010 329 1071 Adeo
357 1027 394 1073 ut
421 1027 458 1073 tu
478 1027 586 1075 meam
607 1016 804 1079 senteutiam
830 1016 896 1093 jain
912 1032 1047 1075 oroscere
1067 1012 1185 1091 possis:
1244 1025 1296 1091 595

239 1092 274 1153 Si
293 1094 331 1154 od
352 1095 481 1168 januam
502 1097 567 1158 huc
590 1101 770 1168 accesseris,
792 1100 856 1159 nisi
877 1095 1146 1176 jusso-propinet

237 1173 306 1257 Ego
328 1178 444 1239 faciam
465 1195 509 1250 te,
529 1183 742 1243 miserrumus
763 1181 910 1243 mortalis
931 1184 980 1240 uti
995 1181 1056 1239 sis.⁴

240 1257 307 1320 Scis
323 1260 390 1335 jam
407 1281 516 1323 meam
534 1265 750 1334 sententiam?
780 1264 817 1325 C.
841 1264 915 1341 Quo
934 1262 1021 1323 obis?
1038 1259 1110 1322 redi
1124 1259 1282 1322 rursum!=

239 1339 291 1401 Ito
319 1361 373 1404 me
399 1344 483 1405 bene
509 1360 597 1407 amet
622 1348 782 1418 Lauino,
810 1359 842 1408 te
865 1345 947 1421 jam,
976 1346 1039 1404 nisi
1060 1345 1094 1404 si
1115 1341 1207 1404 reddi

241 1419 329 1492 Mihi
350 1445 421 1486 vasa
442 1428 552 1504 jubes,
574 1429 628 1492 hio
648 1432 762 1511 pipulo
783 1429 933 1490 differam
954 1441 1029 1488 rorte
1050 1426 1153 1486 aedis!
1244 1436 1292 1501 40⁰

241 1505 331 1583 Quid
351 1527 413 1592 ego
433 1527 525 1571 nunc
543 1515 664 1593 agam?
686 1518 757 1579 Nae
774 1533 833 1595 ego
853 1510 967 1591 edepol
986 1510 1059 1569 veni
1079 1507 1144 1567 huc
1166 1508 1293 1586 auspicio

252 1593 258 1614 ‘
446 1635 451 1646 ·
758 1594 864 1658 malo:
926 1635 945 1644 ,.
1129 1604 1153 1651 t.
1163 1603 1187 1651 t·
1196 1610 1224 1649 0·

240 1660 352 1738 Numo
372 1693 444 1737 sum
465 1678 662 1748 conductus3
684 1678 758 1757 plur
779 1680 847 1754 jam
861 1676 988 1753 medico
1006 1673 1178 1735 mercedist
1198 1691 1279 1751 opus.

239 1754 301 1817 Eo.
324 1755 395 1817 Hoc
420 1760 559 1839 quidem
578 1761 708 1833 hercle,
731 1758 882 1843 quoquod
902 1758 967 1830 ibo,
987 1775 1130 1818 mecum-
1142 1757 1217 1826 e1it,
1237 1771 1294 1816 me·

760 1841 969 1910 caniferam,

240 1921 354 1999 Neque
363 1925 445 1984 istuc
452 1928 487 1985 in
495 1925 731 2005 tantispsrioh's
744 1943 890 2007 unquam
902 1923 1104 1983 committam
1115 1919 1232 1982 uestes.
1249 1918 1293 1982 'uo

241 2000 290 2061 Ite
308 2024 382 2065 sane
397 2026 485 2068 nuno
498 2006 564 2082 jam
577 2012 663 2069 intro
678 2028 791 2070 omnes
807 2022 839 2068 et
858 2008 939 2076 coci,
961 2019 993 2065 et
1008 2005 1183 2065 tibicinae!
1244 2009 1294 2082 405

240 2085 349 2147 Etiam
362 2088 426 2148 huc
440 2089 622 2159 introduce,
645 2093 673 2151 si
690 2096 748 2162 vis,
769 2091 823 2152 vel
843 2095 978 2171 gregem
998 2087 1184 2147 uenalium!
1254 2099 1257 2108 '

241 2166 389 2245 Coquite,
410 2172 518 2245 facite,
540 2173 695 2233 festinato
715 2191 802 2234 nunc
822 2178 900 2245 iam,
922 2182 1081 2250 quantum
1100 2169 1215 2230 lubet!

241 2250 277 2312 C.
300 2251 471 2332 Temporis
494 2267 661 2335 postquem
683 2256 944 2337 inplevistiiusti
962 2251 1112 2313 fissorum
1134 2263 1242 2333 oopuu

239 2335 298 2394 Eo.
322 2335 411 2396 lntro
433 2336 504 2401 abit
526 2358 624 2418 opera
644 2337 710 2399 huc
732 2353 778 2400 est
798 2337 958 2402 conducta
975 2348 1089 2412 vostra,
1110 2355 1180 2396 non
1195 2332 1296 2394 oratio.

241 2414 278 2478 C.
300 2417 401 2489 Heus,
423 2431 532 2493 sonori,
553 2436 611 2502 pro
632 2422 814 2502 vapulando
827 2420 957 2481 »hemle
975 2420 1029 2478 obs
1048 2432 1083 2479 te
1104 2437 1164 2498 ego
1185 2436 1296 2477 merce·

535 2545 540 2552 -
726 2521 741 2530 ‘¹
757 2505 834 2565 dem
850 2518 976 2581 potam:
1028 2551 1032 2556 .
1240 2517 1296 2579 41⁰

202 2601 204 2608 ¹
243 2579 382 2642 Coctum
404 2603 473 2663 ego,
494 2605 561 2645 non
582 2586 925 2666 vapidatum,·dudum
946 2584 1125 2654 conductus
1144 2585 1205 2643 fui.

239 2662 299 2723 Eu.
309 2662 490 2746 Legeogito
505 2673 652 2730 mecum!
668 2671 824 2731 molestus
837 2687 880 2727 ne
890 2670 946 2729 sis!
964 2669 1177 2728 Au'tcoenam
1187 2685 1294 2745 coque,

241 2748 307 2804 Aut
315 2744 366 2805 ubi
382 2749 418 2806 in
434 2749 560 2810 malum
576 2754 757 2813 cruciatum
771 2752 812 2811 ab
829 2751 976 2811 aedibus!
1014 2748 1051 2810 C.
1066 2749 1132 2810 Abi
1144 2762 1184 2810 tu
1198 2748 1296 2809 inodo.

241 2825 302 2888 Eo.
326 2826 388 2888 Ille
406 2829 487 2892 hinc
506 2833 594 2896 obiit.
617 2835 660 2894 Di
681 2832 879 2908 inmortales,
899 2833 1026 2893 facinus
1047 2833 1154 2906 audax
1177 2832 1296 2911 incipit,

240 2909 312 2987 ,Qui
333 2929 407 2972 cum
430 2916 585 2993 opulento
602 2918 735 2979 homine
755 2936 878 2998 -pauper
899 2913 1003 2995 coepit
1023 2933 1094 2976 rem
1113 2915 1234 2977 habere
1250 2924 1297 2973 out

758 3001 941 3082 negotium!
1118 2999 1141 3057 i.
1156 3012 1183 3061 t.
1244 3009 1298 3073 415

239 3073 349 3135 Veluti
365 3095 419 3137 me
427 3075 621 3162 Megadorus
627 3094 733 3143 tentat
747 3081 899 3142 omnibus
915 3085 1071 3143 miserum
1079 3081 1200 3155 modis,
1213 3093 1296 3145 t.t.c.

242 3156 310 3234 Qui
331 3159 512 3230 simulavit,
541 3166 608 3224 mei
630 3185 669 3225 se
690 3164 823 3226 honoris
843 3165 975 3226 mittere
995 3166 1060 3225 huc
1081 3183 1178 3223 causa
1192 3177 1299 3231 cocos?

241 3237 272 3299 Is
294 3259 330 3302 ea
353 3261 450 3325 causa
470 3247 568 3320 misit,
589 3245 651 3307 hoc
673 3249 729 3326 qui
750 3247 1058 3330 surperentmisero
1077 3246 1174 3309 mihi.

304 3445 364 3555 58191.
381 3437 463 3496 Libri
487 3438 584 3493 minus
607 3397 740 3511 erpedito
761 3459 861 3497 versu:
886 3441 1038 3511 prohibeor.
1061 3441 1214 3496 Glossema
1236 3443 1296 3506 tor,

238 3501 294 3552 nisi
311 3501 338 3554 fa
363 3521 406 3572 or,
424 3506 593 3572 indicativi,
617 3507 798 3563 Graecorum
823 3519 852 3563 et
874 3516 1006 3562 veterum
1025 3512 1201 3563 Latinorum
1224 3523 1299 3563 moro

133 3631 135 3636 ,
239 3573 379 3639 usurpati.
420 3588 478 3639 59⁰.
496 3573 542 3626 Sic
558 3574 692 3644 plerique
713 3586 782 3630 vett.
800 3580 847 3630 V.:
866 3580 985 3645 sequius.
1036 3593 1094 3645 391.
1111 3579 1160 3631 V.:
1179 3580 1211 3629 E.
1231 3576 1297 3645 rogi·

241 3649 292 3711 tus,
311 3655 349 3706 sc.
368 3640 404 3708 lu,
425 3642 471 3708 qui
489 3643 607 3708 un'gulos
623 3661 647 3692 o.
698 3657 755 3723 594.
772 3647 822 3699 V.t
832 3644 929 3711 fissile
945 3642 1067 3699 Helmst.
1077 3644 1211 3759 {tollens
1228 3645 1257 3696 h.
1272 3659 1295 3698 o.

232 3702 356 3767 fissiletl-
404 3719 464 3774 395.
482 3707 531 3774 V„
548 3708 759 3778 refragantibus
776 3709 844 3763 vett.
859 3714 918 3778 jam
927 3708 992 3777 ja'm.
1043 3719 1076 3777 39
1094 3747 1101 3760 .
1119 3713 1166 3762 V.:
1182 3716 1295 3780 jussero,

181 3778 184 3787 ’
237 3779 370 3840 correpto
395 3791 411 3826 o
435 3772 535 3825 littora
551 3774 646 3840 finali,
674 3789 762 3843 quam
785 3777 908 3848 produci
926 3778 1013 3830 salius
1031 3786 1074 3828 ost
1091 3776 1168 3847 apud
1184 3780 1295 3895 priscos.

236 3848 297 3896 4⁰⁰.
329 3839 391 3904 diff.
422 3855 481 3891 non
505 3843 547 3892 os't
574 3840 757 3896 elidendum.
786 3853 788 3856 ’
814 3857 874 3912 402.
898 3845 1057 3908 mercedist,
1082 3857 1182 3895 merce
1204 3846 1227 3894 is
1250 3850 1293 3895 est·

238 3902 330 3970 Vip-
344 3909 363 3954 ἵ·
379 3908 447 3956 med·
465 3911 586 3960 mercede
602 3926 643 3978 op.
663 3925 713 3962 est.
763 3909 822 3978 406.
847 3914 900 3963 huo
922 3928 980 3964 non
1002 3912 1116 3980 reperio
1139 3911 1171 3961 in
1190 3910 1293 3979 priscis,

238 3976 267 4017 et
289 3969 385 4021 abesse
410 3976 619 4088 potest‚‘verlio
637 3975 728 4027 Etio'm
744 3995 802 4032 non
819 3978 894 4031 eliso.
928 3991 987 4043 410.
1004 3981 1052 4029 V.:
1072 3980 1145 4029 Heu.
1178 3994 1230 4043 412
1243 3977 1292 4026 Sic

237 4033 355 4169 Lanppge}
372 4039 416 4089 He
430 4049 496 4092 urst.
520 4056 550 4098 et
566 4045 680 4096 Monac.
699 4040 751 4098 V.:
776 4065 810 4114 no
828 4049 886 4100 sis:
905 4050 915 4099 i
934 4060 960 4099 et
978 4065 1001 4099 o.
1020 4064 1116 4114 coquo,
1173 4051 1233 4111 418·
1249 4044 1292 4095 Va

236 4117 305 4153 sum
357 4115 409 4155 ent.
500 4121 532 4132 *⁹
591 4127 594 4132 ·
805 4131 826 4138 ··
984 4135 986 4140 .
1021 4135 1026 4142 .
1115 4131 1119 4140 ,
