2725 4659
247 306 296 386 84
586 289 641 358 M.
690 293 737 364 a
785 279 967 357 Pisum

239 474 309 533 'Lu
331 469 449 532 Secede
469 468 551 539 lanc,
571 466 717 527 Libane:
740 479 774 527 te
795 466 878 527 volo.
920 467 974 527 Li.
997 464 1034 527 Si
1051 466 1129 549 quid
1142 465 1204 529 uis.

238 595 243 606 .
903 551 961 611 Aa.
984 549 1125 610 Obsecro
1140 570 1205 621 vos,
1248 551 1307 627 615

251 639 375 701 Eadem
396 635 493 694 istaec
514 651 609 713 opera
628 634 769 692 suaviust
790 630 964 710 conplexos
984 633 1134 692 fabulari.

249 722 302 781 L1.
316 720 391 777 Non
401 719 507 775 omnia
520 716 748 790 eademaaqne
758 714 1014 784 omnibus‚here,
1023 715 1131 774 suana
1144 717 1305 777 essescito.

249 802 345 860 Vobis
368 812 415 858 est
438 818 534 857 suave
556 795 739 857 amantibus
760 794 934 872 conplexos
954 798 1113 867 fabular13

249 882 319 964 Eg'o
346 881 542 961 conplexum
572 878 668 953 hujus
700 877 749 938 nil
783 896 910 947 moron
955 897 1068 939 meum
1108 891 1218 942 autem
1252 878 1303 940 hic

719 1013 722 1018 ,
761 958 979 1036 adspernatur.

247 1046 387 1111 Proinde
405 1047 487 1103 istuc
508 1041 696 1121 indissipse',
708 1042 795 1119 quod
808 1041 960 1103 faciantne
973 1042 1065 1102 nobis
1081 1041 1203 1104 suades.
1245 1045 1302 1104 cro

249 1134 308 1191 Aa.
320 1131 390 1209 Ego
404 1145 491 1196 vero,
499 1136 533 1183 et
549 1121 679 1202 quidem
695 1123 809 1203 edepol
824 1124 947 1186 lubens.
964 1123 1103 1196 Interea,
1122 1127 1149 1184 si
1165 1124 1300 1193 videtur,

237 1210 423 1280 ,Concedite
434 1211 527 1266 istuc.
549 1205 606 1265 Lu.
617 1205 702 1277 Vin’,
719 1204 835 1265 herum
846 1204 978 1266 deludi?
1000 1207 1051 1267 L1.
1063 1206 1205 1286 Dignust
1218 1227 1300 1267 sane.

246 1285 829 1359 AuVin'laciantmtmePhilenium
838 1287 1300 1368 praesentehocamplexetur?

247 1376 300 1436 La.
327 1373 429 1453 Cupio
448 1369 566 1431 hercle.
587 1368 645 1432 La.
661 1366 800 1448 Sequere
815 1369 885 1429 hac.
907 1373 965 1431 Aa.
975 1370 1097 1449 Ecquid
1112 1383 1158 1429 est
1172 1372 1299 1432 salutis?

403 1501 408 1508 .
443 1468 446 1474 ·
762 1452 836 1512 satis
857 1450 983 1513 locuti?

237 1539 308 1598 Lu·
319 1535 506 1597 Auscultate
518 1549 750 1617 atqueopersm
763 1533 839 1595 date
850 1546 963 1598 ctmet
971 1534 1221 1599 dictadevorate!
1243 1537 1300 1611 625

246 1623 396 1684 Primum
425 1620 575 1680 omnium
603 1636 705 1677 servos
727 1629 798 1675 tuos
822 1635 880 1675 nos
903 1635 1054 1677 essenon
1073 1636 1248 1699 negamus3

236 1703 308 1764 lSed
329 1704 356 1759 si
373 1700 435 1760 tilii
456 1702 582 1781 argenti
602 1702 712 1759 minae
733 1700 848 1779 viginti
868 1699 1095 1778 proferentur:v
1147 1711 1150 1718 ’

234 1784 319 1861 «Quo
340 1802 396 1841 nos
413 1784 534 1844 vocabis
542 1780 699 1841 nomine?
720 1780 778 1842 Aa.
793 1779 948 1842 Libertus.
969 1782 1027 1843 La.
1043 1782 1295 1861 Nonpatronos?

235 1868 305 1927 ‘Aa
329 1865 366 1923 ld
385 1867 500 1944 potius.
543 1863 602 1922 Ln.
622 1863 747 1944 Viginti
759 1862 868 1923 minae
887 1862 942 1922 hic
958 1866 1069 1924 insunt
1082 1864 1294 1935 intrumena3

244 1948 312 2007 Has
330 1968 400 2027 ego,
417 1948 443 2006 si
460 1948 518 2019 vis,
531 1944 592 2005 tibi
610 1946 700 2005 dabo.
720 1945 779 2004 An.
796 1943 840 2002 Di
853 1956 886 2003 te
903 1946 1070 2010 servassint
1082 1964 1217 2025 semper,
1239 1952 1296 2027 650

218 2030 359 2090 ’rCustos
381 2026 506 2100 herilis,
518 2027 621 2087 alecus
641 2027 741 2106 popli,
761 2026 927 2092 thesaurus
947 2029 1142 2103 copiarum„

244 2110 335 2173 Salus
356 2112 491 2171 interior
511 2112 660 2188 corporis,
681 2109 859 2189 amorisque
880 2103 1069 2188 imperator!

242 2194 307 2255 ffic
329 2212 422 2270 pone,
443 2192 498 2251 hic
518 2192 613 2251 ist'om
635 2190 767 2252 conloca
786 2207 975 2255 crumenam
988 2192 1033 2252 'in
1051 2190 1134 2252 collo
1154 2190 1263 2269 plane!

242 2279 300 2339 Lu.
322 2274 408 2335 Nolo
429 2293 488 2352 ego
507 2288 552 2344 te,
575 2274 630 2353 qui
649 2272 810 2336 herissis
830 2272 923 2342 mihi,
939 2274 1115 2340 euaristus:
1131 2276 1294 2340 sustinere.

242 2362 302 2421 Aa.
312 2358 444 2435 Quintu
451 2355 558 2418 labore
565 2355 735 2426 libertate,
751 2355 950 2430 atqueistain
957 2356 1085 2433 inponis
1095 2357 1216 2424 inme?
1232 2360 1296 2434 ‚655

243 2443 300 2503 La.
316 2439 385 2518 Ego
395 2437 560 2513 bajulab03
576 2451 625 2504 tn,
636 2442 674 2496 ut
686 2436 778 2498 decet
788 2436 1293 2509 dorninumiantemeitoinanis!

230 2525 300 2583 'Ain
318 2520 406 2597 Quid
420 2519 531 2580 nunc?
548 2518 625 2597 quid
640 2518 710 2580 est?
726 2518 804 2597 quin
818 2518 916 2581 tradis
930 2519 995 2579 huc
1010 2538 1198 2580 crumenam
1211 2541 1292 2599 pres·

296 2653 301 2660 .
755 2613 861 2678 satum
880 2602 1016 2668 aerum?
1082 2643 1085 2652 ·
1119 2615 1142 2668 1'

240 2687 298 2745 Lu.
320 2682 430 2752 Hanc,
464 2680 542 2760 quoi
566 2680 696 2741 daturus
718 2679 820 2754 hanc,
856 2682 929 2756 jube
955 2697 1063 2765 petere
1089 2696 1186 2762 atque
1208 2704 1294 2748 orare
1349 2745 1350 2754 ,

311 2813 315 2820 .
511 2791 514 2802 ·
555 2821 558 2828 ,
754 2775 900 2826 mecums
1114 2779 1141 2834 ἢ

240 2850 326 2909 Nam
350 2847 432 2905 istnc
452 2845 590 2924 proclive
611 2854 676 2913 est,
698 2845 783 2924 quod
801 2845 903 2921 jubes,
927 2865 987 2910 me
1001 2847 1098 2925 plane
1117 2847 1292 2911 conlocare.

239 2930 313 2988 Pur.
323 2927 1050 3000 Da,meusocellus,metrosu,mianime‚mea
1061 2931 1215 3010 voluptas,
1234 2936 1294 3012 aas
1348 2951 1349 2970 ¹

238 3009 392 3078 Leonida,
414 3022 585 3090 argentum
597 3008 697 3070 mihi!
718 3030 761 3070 ne
775 3029 832 3070 nos
848 3011 985 3091 dejunge
1005 3014 1159 3073 astutis!

238 3092 298 3154 La.
320 3090 383 3150 Dic
397 3091 500 3170 igitur
513 3111 566 3151 me
582 3092 814 3171 passerculum,
836 3094 1003 3172 gallinam,
1025 3096 1235 3169 coturnicem,

237 3173 425 3255 Agnellum,
446 3173 639 3248 hoedillum,
661 3193 715 3236 me
733 3187 826 3240 tuom
841 3174 894 3233 dic
915 3196 992 3249 esse,
1016 3176 1066 3235 vel
1086 3176 1257 3239 vitellum!

234 3255 404 3317 Prehende
425 3256 592 3318 auriculis!
615 3273 753 3334 conpara
772 3255 891 3317 labella
908 3276 984 3320 cum
1003 3257 1144 3320 labellis!

300 3460 357 3513 616.
376 3462 465 3533 Quasi
481 3473 631 3515 amantum
645 3461 769 3514 luissent
782 3459 834 3515 illa
854 3462 890 3515 Τι
907 3466 978 3531 volo,
1001 3466 1111 3535 Siquid
1124 3467 1177 3521 vis.
1194 3464 1239 3523 Cf.
1251 3481 1291 3518 se

235 3536 362 3605 quentin.
391 3538 474 3588 Jocus
489 3533 558 3606 capri
574 3544 720 3605 cpottouiav.
772 3536 830 3605 619.
847 3539 940 3593 Verba
958 3541 1045 3592 meum
1061 3571 1094 3581 -
1107 3541 1291 3595 suadesLeo

232 3607 318 3660 uidae
335 3607 514 3663 tribuuntur.
560 3610 618 3677 651.
636 3610 721 3661 Libri
739 3609 890 3679 depravato
903 3631 1000 3670 versut
1018 3616 1123 3683 populi.
1157 3610 1175 3662 6
1193 3630 1216 3668 a.
1236 3635 1292 3667 coo

232 3675 306 3743 poris
319 3672 379 3725 fere
392 3674 461 3726 libri
474 3687 544 3728 vett.
561 3673 608 3727 Va
625 3677 763 3727 interioris
776 3679 902 3731 hominis.
938 3682 994 3750 637.
1009 3683 1069 3735 Vet.
1084 3677 1146 3732 cod.
1184 3697 1291 3736 umen:

231 3766 317 3817 precs.
337 3766 418 3799 etum.
451 3749 521 3801 lude
537 3746 701 3818 faciendum
719 3761 782 3801 erat
796 3770 882 3818 prese,
901 3773 1002 3821 uerunt,
1018 3771 1078 3808 uon
1093 3747 1199 3822 ἄμετρον
1214 3755 1293 3809 istud

232 3821 335 3882 herum,
361 3821 437 3889 quod
457 3822 569 3890 legitur
584 3822 616 3873 in
638 3820 730 3875 libris.
754 3824 905 3882 Genititus
928 3848 1019 3880 aerum
1043 3828 1133 3896 prisci
1149 3843 1219 3880 usus
1235 3838 1292 3883 est:

225 3885 287 3935 vvid.
302 3887 440 3938 Priscian.
454 3904 486 4003 d
503 3904 561 3956 744
578 3889 695 3942 Putsch.
725 3887 772 3940 Sic
789 3890 902 3958 pridem
920 3894 1062 3946 sentiebat
1077 3897 1134 3947 Jos.
1152 3891 1291 3965 Scaliger,

228 3942 287 4068 ξφ.
305 3952 351 4002 Sic
368 3961 437 4003 vett.
480 3971 502 4004 .:
522 3956 574 4021 da,
592 3973 651 4008 mea
669 3957 723 4008 vol.
747 3954 813 4007 Non
825 3955 993 4013 elidendum
1011 3963 1057 4012 mi.
1107 3960 1168 4028 64a.
1183 3962 1234 4020 va
1249 3980 1292 4016 me

241 4035 302 4069 uum
319 4034 394 4084 pass.
