2725 4659
451 271 759 352 AMPHITRUO.
994 243 997 248 ⁵
1103 301 1150 374 29

90 457 144 521 Mi
164 462 221 528 vir,
237 472 269 523 et
282 479 419 523 menum
440 459 638 540 adprehendi
658 470 696 518 et‘
711 451 971 521 osculum'tetuli
991 449 1062 522 tibi.
1121 471 1125 482 '

91 544 144 606 So.
168 544 252 604 Tun’
273 545 345 605 heri
364 545 453 604 hunc
475 542 674 683 salutaviesti?
704 546 772 617 Am}
791 541 834 603 Et
853 557 887 603 te
908 560 1036 623 quoque
1050 543 1150 605 etiam

548 626 550 632 '
582 661 588 667 -
632 624 707 685 osia.
734 667 737 670 -
1090 627 1152 703 565

92 707 145 771 So.
177 708 385 788 Amphitruo,
408 707 530 787 speravi
551 725 610 787 ego
630 709 732 767 istanc
752 706 813 766 tibi
832 707 1012 785 parituram
1032 706 1151 768 filium.

90 791 214 852 Verum
221 811 288 851 non
304 804 456 870 estpuero
471 790 610 871 gravida.
631 788 925 871 AM.Quidigitur?
947 790 999 852 So.
1012 789 1151 852 Insania.

91 875 151 933 At..
173 873 337 951 Equidem
358 892 433 933 sana
455 892 527 932 sum
548 883 580 932 et
601 870 676 931 deos
699 889 829 949 quaeso,
861 884 898 931 ut
925 870 1009 932 salva
1027 874 1154 950 parium

610 953 737 1022 filium
858 967 861 976 ’

91 1037 216 1099 Verum
235 1050 273 1098 tu
292 1056 451 1118 magnum
471 1036 596 1097 malum
608 1035 754 1178 {iubebis
777 1037 803 1096 si
821 1030 878 1096 hio
897 1054 988 1097 suom
1007 1036 1155 1098 officium

382 1135 389 1150 ·
447 1126 449 1131 ’
624 1120 706 1187 ucit3
747 1180 749 1184 ,

94 1193 237 1262 Obistuc
253 1221 358 1276 omen,
368 1203 539 1273 ominatos,
554 1202 670 1280 capies,
688 1200 773 1279 quod
786 1212 819 1259 te
834 1197 1036 1260 condecetli
1047 1211 1071 1261 t.
1092 1217 1154 1278 57⁰

92 1282 147 1347 So.
164 1284 334 1345 Enimvero
343 1288 512 1366 praegnati
519 1283 691 1364 oportetad
700 1283 827 1342 malum
835 1281 961 1341 mulum
969 1281 1085 1344 darizt.
1094 1298 1118 1347 t.
1126 1302 1153 1344 c.

92 1358 158 1437 Ut,
179 1367 263 1445 quod
284 1368 435 1435 obrodat,
457 1371 514 1440 sit,
537 1369 692 1427 animosi
714 1364 801 1425 mele
823 1384 889 1424 esse
910 1366 1099 1446 occoeperit.

90 1452 156 1512 Au.
179 1447 233 1509 Tu
253 1469 309 1510 me
327 1448 400 1512 heri
420 1449 473 1512 hie
494 1449 623 1510 vidisti?
663 1450 723 1510 An.
745 1447 836 1529 Ego,
866 1448 1023 1525 inquam,
1051 1450 1079 1510 si
1104 1448 1153 1513 vis

609 1528 713 1591 decies
735 1527 868 1590 dicere(

92 1616 157 1677 AM.
180 1612 220 1675 In
240 1613 359 1676 somnis
379 1613 456 1680 iors.
498 1619 556 1679 At.
579 1614 649 1674 Imo
669 1613 862 1695 vigilantem
885 1611 1031 1696 vigilans.

484 1703 551 1760 AM.
573 1698 637 1758 Vae
658 1699 776 1756 misero
797 1693 901 1754 mihi!
934 1733 937 1740 -
1002 1700 1026 1761 i.
1047 1709 1071 1758 t.

94 1775 146 1840 So.
177 1778 265 1857 Quid
291 1779 352 1841 tibi
374 1780 443 1841 est?
474 1783 565 1842 ¹An.
597 1779 725 1840 Delirat
755 1796 848 1840 uxor.
907 1774 968 1852 So„
987 1782 1068 1841 Atra
1093 1779 1154 1841 bili

85 1861 89 1862 ⁷
608 1862 728 1943 percita
750 1872 812 1919 est:
894 1871 919 1922 t.
933 1873 958 1924 t.
980 1880 1009 1925 c.
1092 1871 1172 1941 575¹

5 1942 10 1950 ’
91 1942 194 2006 Nulla
213 1963 264 2003 res
284 1957 353 2004 tam
374 1944 541 2005 delirantis
562 1943 711 2004 homines
732 1942 903 2002 concinnat
923 1944 999 2005 cito.
1120 1951 1126 1961 ”

92 2027 160 2087 Ast.
178 2024 247 2085 -Ubt
268 2029 412 2103 primum
434 2027 496 2087 tibi
518 2027 662 2097 sensisti,
683 2024 822 2106 mulier,
843 2023 1064 2103 inpliciscier?

92 2109 153 2169 Au.
175 2106 334 2191 Equidem
355 2122 477 2171 ecastor
497 2127 573 2170 saue
593 2122 627 2169 et
647 2109 733 2169 salve
754 2126 834 2168 sum.
876 2110 941 2169 Au.
964 2108 1033 2170 Cur
1051 2110 1154 2192 igitur

629 2191 783 2261 medicas,

93 2271 144 2334 Te
169 2270 243 2333 heri
268 2271 481 2353 me'uidlsse,
508 2275 564 2351 qui
591 2213 652 2334 iilic
677 2285 778 2356 noptu
805 2271 841 2331 in
870 2285 1003 2351 portum
1027 2270 1154 2335 advecti

388 2363 390 2366 ’
613 2355 745 2416 sumus?
908 2381 910 2386 ·

93 2436 148 2497 lbi
154 2438 289 2496 coenavi
303 2448 400 2516 etque
412 2435 457 2514 ibi
472 2436 579 2514 quievi
595 2437 630 2496 in
643 2439 721 2497 navi
734 2448 866 2498 noctem
880 2448 1058 2515 perpetem,
1090 2446 1153 2514 580

94 2521 211 2598 Neque
231 2518 346 2598 pedem
368 2536 479 2580 meum
499 2518 563 2582 huc
582 2520 682 2580 intuli
701 2522 807 2594 {etium
832 2520 869 2578 in
890 2519 992 2593 aedis,
1021 2531 1059 2580 ut
1077 2539 1153 2583 cum

610 2604 757 2662 exercitu

92 2682 182 2744 Hinc
196 2683 358 2762 profectus
378 2702 450 2745 sum
470 2683 510 2743 ad
524 2683 678 2745 Teleboas
691 2685 800 2756 hostis,
816 2703 931 2764 eosque
951 2697 989 2745 ut
1005 2687 1150 2753 vicimus.

94 2769 155 2828 An.
176 2764 247 2826 Imd
267 2775 398 2829 mecum
420 2769 613 2839 coenandi,
634 2780 667 2827 et
686 2767 829 2828 cubuisti
849 2785 990 2828 mecum.
1032 2785 1033 2788 ’

512 2850 580 2912 ΑΜ.
604 2848 695 2928 Quid
714 2847 748 2909 id
768 2848 838 2908 est?
1000 2860 1024 2908 t.
1044 2860 1069 2913 t.

89 2934 152 2994 Au.
173 2930 257 2992 Vere
278 2931 358 2994 dito.
992 2929 994 2934 ’

135 3015 200 3073 An.
214 3017 291 3076 Non
306 3013 437 3091 quidem
450 3012 562 3074 hercle
576 3012 615 3073 de
630 3012 691 3073 hac
705 3032 757 3082 re3
775 3012 814 3073 de
831 3015 900 3075 aliis
916 3015 1033 3077 nescio.
1049 3028 1073 3078 t.
1086 3029 1109 3080 t.
1122 3038 1150 3077 c.

90 3098 156 3161 tlt.
182 3095 330 3159 Primulo
362 3095 506 3159 diluculo
531 3095 660 3156 adivisti
696 3096 735 3156 ad
762 3096 914 3176 legiones.
969 3100 1034 3158 Au.
1063 3099 1152 3177 Quo·

607 3178 727 3238 modo?
1089 3192 1152 3259 585

95 3263 150 3324 So.
171 3263 272 3324 Recte
293 3260 390 3331 dicit,
411 3272 449 3321 ut
468 3262 698 3322 conmeminitz
721 3263 884 3323 somnium
904 3277 1014 3326 narret
1033 3263 1115 3333 tibi;

94 3343 176 3417 Sed,
196 3344 337 3424 mulier,
356 3356 525 3426 postquam
543 3344 754 3423 experrectad
774 3365 828 3417 es,
849 3346 1022 3427 prodigiali
1041 3338 1113 3405 Jovi

148 3552 218 3619 564.
236 3550 368 3604 Sicidem
380 3551 464 3605 liber.
473 3550 505 3609 V.
514 3545 664 3620 :prehendet
693 3565 719 3617 5v
729 3570 751 3605 ι.
764 3571 886 3621 praegna
899 3555 978 3606 τίνει.
990 3551 1053 3605 cod.
1069 3551 1148 3605 Cam.

57 3673 61 3680 ,
88 3618 154 3676 Pal.
169 3632 192 3671 ι.
209 3628 239 3671 et
255 3619 364 3695 Langg.
382 3621 429 3675 Vsst
444 3622 626 3688 praegnanti,
643 3568 726 3688 quoti
736 3615 876 3689 glossema
893 3631 936 3672 est
952 3622 1062 3670 formae
1079 3618 1150 3687 pris-

90 3704 154 3740 one.
189 3686 265 3739 Dein
281 3684 365 3739 libne
382 3712 414 3725 —-
431 3703 474 3753 op.
498 3701 524 3737 et
541 3687 645 3737 malum
663 3701 690 3737 et
706 3688 808 3738 molum
825 3689 867 3751 (1.,
887 3686 973 3753 ‹ptule
989 3686 1110 3737 verbum
1126 3687 1151 3739 si

81 3754 124 3809 in
142 3750 290 3808 dominnm
313 3749 412 3804 servus
427 3750 554 3819 iecisset,
577 3753 708 3821 profecto
730 3754 869 3822 superbus
889 3757 984 3806 factus
1005 3751 1095 3818 toret,
1118 3764 1152 3804 ut

85 3818 145 3874 ille
161 3818 202 3871 ait
218 3834 303 3886 supra
320 3832 377 3883 ²04·
413 3820 453 3868 Aa
467 3821 568 3871 malum
582 3821 693 3885 malum,
710 3819 740 3876 h,
759 3837 784 3870 e.
798 3817 910 3872 malum
921 3816 1067 3870 Punicum
1084 3838 1149 3872 con·

84 3895 137 3939 tra
153 3882 266 3938 melum
282 3898 333 3936 seu
349 3884 484 3937 morbum
500 3883 695 3954 gravidarum.
729 3885 862 3953 Captavit
878 3886 995 3937 Plautus
1017 3887 1152 3939 vocabuli

87 3953 196 4009 malum
213 3948 361 4018 duplicem
382 3950 576 4010 intellectum.
601 3952 645 4006 cf.
668 3953 719 4004 Ba.
741 3960 800 4017 589.
849 3960 908 4019 574.
925 3951 975 4001 V.:
994 3951 1029 4001 In
1046 3956 1153 4021 efor-

84 4043 184 4153 aaran,
199 4045 275 4099 quaa
290 4040 333 4083 ert
347 4032 546 4114 interpretatio
563 4019 679 4098 ἆμιηος,
714 4025 856 4080 Similiter
871 4036 1023 4096 peccatum
1036 4029 1152 4084 videtur

111 4115 166 4152 sm.
185 4112 246 4169 72⁰:
