2725 4659
375 270 376 273 ¹
416 249 426 328 ἶ
465 276 798 355 AULULARIA.
990 284 995 304 ¹
1070 313 1138 382 125

80 462 166 579 Soa.
163 462 263 543 Quiri
271 461 347 526 tibi
353 461 528 541 subripui?
561 462 621 525 uu
631 461 747 525 Redde
761 459 837 538 huo,
853 464 911 527 sis!
943 466 1029 529 Sor.
1053 467 1141 547 Quid

109 596 112 610 ,
568 545 660 607 tibi
684 549 727 605 vis
748 549 904 611 reddam?

280 635 284 640 “
685 629 689 639 ’
751 628 819 693 Ειι
841 631 995 713 Rogitas?
1029 647 1052 698 t.
1071 643 1138 697 Ι,ι

83 710 159 778 ser.
179 712 240 774 Nil
259 710 412 793 equidem
432 709 508 772 tibi
516 708 642 774 abstuli.
674 710 744 773 Ειι.
770 713 814 772 At
840 713 946 788 illud,
959 717 1031 776 tibi
1059 716 1144 795 quod

597 790 790 865 abstuleras,
812 795 904 854 cedo!
946 813 969 859 t
990 812 1013 859 t.
1035 821 1076 859 c
1132 828 1135 832 ·

84 851 211 958 Ecquid
226 874 350 994 agia²
361 874 438 938 Soa.
463 875 552 958 Quid
568 876 707 958 agam?
727 880 789 939 Ειι.
794 877 950 939 Auferre
960 897 1030 940 nou
1041 883 1142 961 potes.

658 957 736 1019 San
761 958 846 1036 Quid
866 967 914 1019 vis
934 963 1020 1022 tibi?
1081 983 1143 1040 590

85 1041 149 1107 Ειι.
168 1042 272 1103 Pone!
316 1010 388 1104 San.
409 1041 571 1136 Equiden'r
585 1041 643 1121 pol
660 1054 695 1101 te
710 1044 832 1103 datare
830 1044 951 1114 credo
945 1058 1144 1118 consuetum,

454 1139 458 1146 ’
599 1144 708 1186 senex.

86 1207 150 1273 Ειι.
166 1210 255 1272 Pone
270 1206 347 1281 huc,
363 1208 421 1269 sia!
436 1206 529 1268 aufer
541 1206 708 1269 cavillam.
722 1227 790 1269 non
805 1228 865 1291 ago
873 1226 959 1270 nunc
969 1229 1069 1293 nugas
1078 1232 1146 1294 ago

86 1289 165 1354 San.
187 1290 275 1368 Quid
296 1310 366 1373 ego
376 1292 530 1376 ponam?
555 1291 660 1370 Quin
664 1303 703 1350 tu
716 1292 893 1388 eloquere,
915 1291 1070 1373 quidquid
1090 1307 1148 1368 est,

601 1391 659 1434 suo
681 1375 824 1436 nomine

83 1454 163 1519 Nou
175 1454 290 1519 hercle
311 1455 463 1546 equidem
483 1455 677 1537 quidquam
681 1457 862 1517 sumsisnec
876 1457 1027 1539 Qtefigi
1037 1483 1040 1492 ¹
1128 1507 1137 1518 .

527 1555 532 1576 ³
682 1537 742 1602 Ειι.
766 1538 908 1606 Ostende
929 1539 993 1600 huc
1014 1545 1144 1603 manus!

86 1581 166 1685 8ιιι.
186 1620 274 1684 Hem
292 1621 355 1683 tibi
370 1620 511 1695 ostendo,
527 1623 636 1681 eccas!
679 1624 740 1684 Ειι.
760 1621 871 1682 Video.
913 1623 994 1705 Age,
1015 1623 1147 1687 ostende

529 1726 533 1732 ¹
604 1705 704 1764 etiam
723 1707 870 1766 tertiam!
1075 1728 1146 1792 595

91 1785 165 1850 San.
194 1785 316 1853 Lariiae
342 1786 429 1846 hunc
449 1799 555 1898 atque
571 1788 783 1865 intemperiae
802 1788 1013 1871 insaniaeque
1020 1794 1149 1920 agitant

449 1922 454 1929 .
580 1885 727 1929 Qseuem
880 1921 882 1925 .

90 1950 202 2014 Faciu'
221 1949 271 2014 mi
289 1951 453 2028 injuriam,
475 1968 515 2011 an
532 1954 622 2013 nou?
663 1949 745 2010 Eu
739 1951 872 2027 Fateor,
893 1956 1053 2033 quianon
1069 1973 1147 2037 pen

408 2087 412 2092 .
532 2081 534 2087 s
607 1999 1092 2105 des‚maxrmu1'1u··i.t.

90 2118 200 2196 Atque
219 2115 253 2175 id
274 2134 400 2195 quoque
420 2116 488 2193 jam
509 2116 579 2191 fiet,
599 2119 662 2178 nisi
683 2118 825 2179 fatere!
842 2115 919 2182 Sua.
943 2109 1030 2199 Quid
1048 2122 1150 2184 fatear

555 2244 557 2250 .
605 2201 689 2261 tibi?
780 2225 783 2230 >
838 2249 840 2254 .
947 2218 972 2263 t
994 2218 1018 2266 t.
1040 2226 1067 2266 c.

89 2281 152 2341 Eu.
176 2279 263 2359 Quid
284 2280 444 2342 abstulisti
463 2279 576 2340 hine!
602 2280 678 2341 Sua.
706 2282 773 2342 Di
770 2299 833 2343 me
854 2284 1007 2364 perdant,
1039 2287 1064 2346 si
1091 2307 1150 2369 ego

604 2366 655 2424 tui
676 2354 862 2445 quidquam·
871 2364 1002 2437 abstuli,
1022 2393 1065 2414 ·-
1093 2372 1149 2432 it.

82 2445 176 2520 Nive
196 2415 276 2544 adeo
304 2415 473 2506 abstulisse
500 2444 628 2507 vellem.
670 2449 731 2509 Ειι.
752 2447 935 2528 Agedum,
953 2450 1151 2513 excutedum

487 2577 489 2580 ,
606 2528 790 2625 pallium.;
805 2551 829 2591 ,τ
880 2544 909 2592 ι.
922 2544 1022 2596 ι.ε.;
1089 2540 1150 2599 600

91 2609 172 2675 Soa.
184 2582 277 2675 Tuo
284 2610 450 2672 arbitratu.
491 2612 551 2673 ·Ειι.
573 2612 656 2673 Ne
645 2626 733 2672 anter
748 2614 880 2676 tuntas
896 2612 1029 2676 habeat!

467 2720 477 2732 ι
550 2747 553 2750 ,
727 2692 812 2756 San.
809 2695 953 2769 'Penta
968 2715 1031 2775 qua
1049 2699 1149 2764 lubet.

89 2776 152 2838 Ειι.
174 2775 264 2853 Vah,
287 2775 438 2838 scelestus
460 2794 556 2855 quam
576 2776 733 2918 blmgne’,
747 2791 785 2839 ut
804 2797 847 2838 ne
867 2778 1045 2896 abstulisse
1054 2784 1151 2845 intel

195 2898 200 2904 -
622 2880 640 2920 e
665 2862 733 2920 ιιιι1
823 2913 826 2918 ,
930 2887 932 2894 ·

87 2943 179 3007 Novi
198 2939 429 3022 sycophantias.
469 2942 555 3024 Age,
577 2879 686 3002 ruralis
707 2944 838 3010 ostende
857 2943 922 3005 huc
942 2967 1123 3011 manum

82 3023 290 3087 Dexteiam!
333 3022 408 3090 San.
429 3022 535 3084 Hem!
577 3023 636 3084 Ειι.
656 3026 753 3085 Nunc
773 3027 903 3087 laevam
922 3030 1121 3091 ostenda:

508 3103 583 3166 Soa.
607 3107 696 3183 Quin
716 3108 865 3185 equidem
886 3111 996 3171 ambas
1011 3116 1151 3192 protero.

89 3194 157 3257 Eo
169 3189 240 3250 lam
254 3189 389 3252 scrutari
401 3189 508 3252 ιιιιιιο.
551 3188 662 3253 Redde
675 3189 757 3250 huc!
801 3190 876 3254 Sor
892 3193 1152 3272 Quidreddanr?

495 3325 497 3328 ,
673 3272 734 3334 Ειι.
757 3271 821 3347 Ah,
839 3294 942 3357 nugas
962 3280 1050 3357 agir'
1081 3283 1153 3357 605

43 3421 46 3426 ,
91 3331 195 3419 Certe
214 3353 327 3416 habes!
360 3352 448 3418 Suu.
476 3353 611 3415 Habeo?
640 3356 718 3433 quid
745 3377 805 3438 ego
825 3357 949 3418 habeo?
991 3364 1051 3424 Eu
1079 3363 1155 3424 Non

611 3435 706 3500 dico:
726 3439 837 3546 audire
858 3443 991 3522 expetis.

162 3643 220 3699 590·
250 3629 394 3686 Posterior
416 3631 525 3712 syllaba
539 3629 629 3700 verbi
652 3651 735 3711 agam
759 3649 817 3686 uon
839 3633 959 3687 eliditur
981 3642 1080 3705 estque
1101 3655 1155 3708 pro

91 3702 184 3768 longa
200 3707 320 3766 propter
342 3695 613 3766 intorptutctionem.
641 3698 706 3755 vid.
727 3708 805 3817 nutv
813 3700 850 3752 ad
866 3702 969 3768 Amph
989 3711 1046 3765 235.
1095 3723 1153 3773 59²

90 3769 144 3820 v,:
163 3765 224 3815 hoo.
274 3778 332 3832 595
350 3769 462 3817 ostendo
479 3765 637 3824 Helmstad
654 3767 756 3830 Pal.5
782 3767 958 3885 V.‚sparum
975 3770 1156 3840 suffraganti-

90 3833 149 3886 bna
165 3828 265 3883 hirris
264 3839 348 3885 vetut
365 3829 413 3887 So.
430 3832 501 3883 Hem
518 3832 587 3884 tihi'
617 3834 669 3885 Ειι.
688 3779 809 3883 ostende
863 3851 1001 3888 r.tecas
1041 3834 1098 3892 600
1117 3842 1153 3900 Ν

91 3920 120 3952 α.
141 3916 168 3956 a
187 3899 293 3949 vellem.
316 3899 394 3950 Haec
410 3915 508 3951 seeum
524 3915 630 3952 servus.
647 3901 679 3951 V.
697 3896 829 3949 Euclioni
844 3893 1023 3954 tribuuntur
1047 3894 1156 3974 Sequor

87 3962 352 4086 pettrpdplumGuolf.
376 3973 405 4017 at
420 3966 552 4021 Menace
578 3967 696 4062 Mirtum
719 3965 788 4015 adeo
810 3973 867 4018 ete
913 3965 971 4035 603.
995 3971 1040 4021 lta
1057 3972 1152 4026 Guelf.
