2725 4659
283 277 357 361 sue
631 254 686 327 M.
737 256 780 327 i.
832 255 1015 327 assurt

280 447 341 509 Pu.
362 437 563 504 Lassitudine
582 434 705 510 hercle,
716 434 824 499 credo.
846 434 905 525 Cu.
924 434 1246 510 aerisqrememe,
1260 433 1293 493 ol·

795 520 899 578 secro!
950 568 953 573 .

282 613 342 675 Pru
350 608 440 678 Vide,
453 618 491 666 nt
498 601 674 684 expalluit!
690 600 789 665 datin'
799 603 853 662 isti
859 599 983 669 sellam,
991 600 1186 673 ubiadsidat,
1192 601 1244 658 cito
1256 614 1293 673 515
1314 603 1315 668 ξ

270 678 325 754 Ἐῑ
333 691 482 771 aqualem
489 706 566 747 cum
574 683 672 764 aquat
684 682 1053 764 properatin'ociusiCo.
1062 681 1292 743 Animomaleest
1314 683 1315 694 ¹

282 778 343 838 Pa.
364 775 436 837 Vin'
453 766 592 852 aquam?
621 766 680 830 cs.
698 764 733 826 Si
748 765 947 826 frustulenta
961 779 1032 829 est:
1050 765 1091 826 da
1105 766 1233 835 obsecro,
1247 762 1291 820 ler-
1314 765 1315 792 l

796 846 861 908 cle:
884 848 1083 911 obsorbeam.
1143 850 1147 864 ’

281 938 341 1001 Pa.
356 937 421 995 Vae
434 932 532 1014 capiti
546 933 618 992 tuo!
646 929 707 993 Cu.
722 927 996 1073 Obsecrodhercle,
1011 930 1126 1000 facite,
1147 937 1290 990 ventumst

783 1048 787 1055 ·
819 1029 860 1070 au
883 1030 964 1075 eam.

281 1108 340 1167 Pu.
358 1100 528 1164 Maxume.
571 1094 631 1157 Cu.
658 1094 748 1175 Quid
771 1032 894 1169 fagcitis,
925 1093 1061 1175 quaeso?
1105 1099 1164 1159 ΡΑ.
1187 1095 1315 1153 Venturi

720 1238 723 1245 ,
798 1175 858 1235 Cu.
878 1177 963 1238 Nolo
984 1176 1142 1258 equidem
1160 1177 1231 1236 mihi

280 1266 369 1329 Fieri
390 1263 572 1326 ventulum.
607 1261 667 1324 Pr.
692 1257 779 1339 Quid
798 1260 920 1339 igitur?
958 1262 1016 1323 Cu,
1044 1258 1136 1332 Esse,
1159 1268 1289 1320 utventrn
1314 1276 1315 1331 g

794 1342 962 1424 gaudeam.
1258 1351 1290 1411 ψ
1313 1334 1315 1411 l

279 1436 340 1495 Pe.
356 1429 483 1508 Jupiter
502 1440 536 1487 ta
550 1426 648 1505 dique
661 1422 814 1505 perdant!
838 1425 898 1487 Cn.
914 1424 1012 1496 Perii,
1028 1423 1188 1505 prospicio
1201 1435 1289 1500 parunt
1313 1414 1315 1471 l

279 1512 453 1579 Osmarum
472 1509 574 1568 habeo
595 1507 700 1568 dentis
720 1507 851 1586 plenos3
873 1506 1014 1585 lippiunt
1033 1506 1147 1569 fauces
1165 1506 1251 1581 fame3
1313 1474 1315 1585 l

279 1596 331 1654 Ita
351 1593 414 1651 cibi
435 1592 603 1650 vacivitate
625 1590 720 1650 venio
740 1588 822 1649 laxis
841 1587 989 1648 lactibus.
1313 1589 1315 1667 ξ

278 1680 340 1739 Pu.
360 1674 432 1733 Jam
453 1671 527 1732 edes
549 1672 682 1751 aliquid.
718 1670 779 1732 cs.
805 1670 893 1732 Nolo
915 1670 1023 1732 hercle
1044 1670 1186 1752 aliquid;
1210 1678 1289 1729 centu

797 1772 894 1830 quam
914 1752 1037 1833 aliquid
1055 1754 1196 1814 mavolo.
1314 1816 1315 1831 ,

278 1839 339 1901 Pu.
352 1838 424 1899 Imo
440 1840 467 1899 si
483 1834 578 1909 scias,
603 1835 758 1916 reliquiae
783 1835 843 1895 tibi
865 1853 945 1912 quae
965 1836 1029 1895 sint
1045 1878 1055 1899 .
1071 1880 1081 1897 .
1098 1879 1136 1899 ..
1171 1837 1222 1896 Cr.
1239 1829 1289 1889 sae
1314 1836 1315 1859 ¹

245 1980 252 1993 ,
630 1978 634 1983 ,
795 1917 1014 1993 υἱωίεᾙὼεῐ.
1184 1937 1191 1943 -
1256 1922 1289 1987 525

278 2004 347 2064 Ubi
364 2004 461 2065 sient:
484 2018 562 2061 nam
570 1998 639 2059 illis
652 2001 821 2059 conventis
838 2016 913 2060 sane
926 2019 1004 2079 opus
1018 2011 1066 2059 est
1080 2002 1165 2061 meis
1179 1998 1288 2057 teratu

277 2088 339 2150 Pu.
360 2090 510 2155 Pernam,
533 2082 703 2155 abdomen,
723 2076 840 2142 sumen'
854 2083 964 2152 suetis,
985 2080 1169 2163 glandium.
1189 2073 1289 2141 ertit

576 2169 584 2184 '
793 2175 831 2223 tu
851 2166 958 2223 omnia
978 2164 1058 2223 hic?

277 2252 318 2313 In
338 2250 483 2311 carnario
503 2247 634 2309 fortasse
655 2244 745 2310 dicis.
780 2248 840 2307 Pa.
861 2245 932 2306 Imo
956 2244 993 2305 in
1007 2246 1177 2326 lancibus3
1313 2310 1314 2313 ,

280 2338 371 2414 Quae
381 2333 829 2409 tibisuntparata,postquam
843 2332 960 2389 scimus
970 2341 1158 2393 venturum.
1179 2322 1290 2390 cquis
1313 2324 1314 2393 l

277 2419 329 2478 Ne
343 2413 512 2477 melodas.
542 2416 601 2476 Pu.
616 2410 667 2471 Ita
681 2431 735 2471 me
750 2412 882 2485 amabit,
897 2429 993 2483 quam
1008 2429 1069 2494 ego
1085 2429 1173 2485 amo,
1193 2423 1224 2470 ut
1235 2399 1291 2467 haud
1313 2409 1314 2449 l

793 2514 854 2575 ego
875 2494 1025 2556 mentior.
1254 2502 1290 2564 33⁰

277 2577 340 2639 Sed
356 2577 439 2657 quod
455 2591 488 2636 te
503 2576 588 2647 misi,
602 2575 791 2645 nihilosum
807 2579 933 2637 certior.
962 2577 1021 2636 Cn.
1034 2574 1134 2636 Nihil
1151 2573 1240 2636 attuli

275 2665 336 2723 Pa.
346 2658 515 2723 Perdidisti
530 2679 583 2718 me
595 2659 603 2714 l
626 2657 686 2719 Cu,
694 2658 840 2718 Invenire
847 2676 988 2739 possum,
1000 2659 1027 2717 si
1040 2660 1087 2717 mi
1096 2649 1289 2738 operamini

274 2745 448 2822 Postquam
468 2753 527 2800 tuo
551 2740 637 2815 jussu
657 2741 818 2820 profectus
842 2741 1089 2817 sumrperveni
1110 2743 1147 2801 in
1168 2738 1279 2806 Cariam

274 2826 373 2887 Video
394 2837 487 2883 tuom
508 2821 665 2893 sodalem;
688 2823 814 2904 argenti
832 2842 910 2904 rogo
932 2819 981 2882 uti
1001 2822 1099 2882 faciat
1123 2824 1243 2902 copiam.

273 2906 385 2978 Scires,
408 2905 489 2966 velle
509 2906 645 2988 gratiam
663 2917 774 2965 tuam:
795 2906 901 2967 noluit
920 2905 1116 2977 frustrarier,
1253 2909 1289 2974 555

273 2990 319 3049 Ut
341 2991 432 3050 decet
452 2988 533 3063 velle
548 2986 716 3065 hominem
732 2987 876 3047 amicum
895 2987 999 3048 amico
1020 2999 1117 3066 atque
1130 2982 1289 3068 opitultfilss

274 3066 361 3132 Mihi
379 3071 543 3150 respondit
563 3070 672 3149 paucis
694 3070 797 3130 verbis
817 3082 913 3149 atque
934 3068 1012 3128 adeo
1032 3068 1184 3138 fideliter,

276 3153 371 3237 Quod
392 3154 452 3214 tibi
474 3165 564 3224 esset,
585 3153 665 3212 item
686 3152 747 3211 sibi
768 3171 845 3224 esse,
866 3166 1018 3233 magnam
1036 3153 1163 3233 argenti
1175 3145 1288 3226 impiam·

272 3238 329 3300 Pu.
352 3236 461 3297 Perdis
482 3256 535 3297 me
547 3235 613 3296 tuis
631 3234 739 3295 dictis!
770 3233 829 3294 Cu.
842 3233 912 3295 Imo
927 3254 1012 3295 servo
1027 3247 1060 3294 et
1074 3247 1229 3295 servatum
1236 3223 1287 3285 sols

337 3458 395 3511 5²²·
412 3441 496 3494 Libri
512 3456 565 3494 nec
577 3439 731 3508 perspicua
745 3441 886 3493 sententia
902 3448 932 3492 et
943 3438 1031 3492 nullis
1043 3441 1183 3494 numeris:
1200 3437 1287 3491 05¹¹*

271 3538 330 3571 rum
347 3518 449 3568 habeo.
487 3515 638 3580 Osmsrum,
656 3506 744 3582 ἐσμῶν,
762 3512 903 3569 nidorum
916 3513 974 3573 cibi
991 3515 1081 3580 varii,
1105 3502 1286 3584 quorumaflt‘

270 3605 339 3642 rum
355 3588 456 3665 plenos
478 3586 576 3638 dentes
599 3603 663 3638 suos
687 3585 758 3637 dicit
780 3604 832 3654 per
854 3580 1018 3642 ridiculum.
1042 3586 1286 3641 sestertiorum

270 3669 390 3723 graecis.
445 3666 503 3720 525·
533 3652 709 3705 Helmstad.:
734 3672 802 3719 quae
826 3656 882 3706 sint
904 3657 961 3710 tibi.
990 3658 1021 3705 V.
1053 3657 1110 3706 ribi.
1140 3649 1284 3705 desideram-

270 3736 328 3789 5²7·
348 3721 443 3781 suetis.
467 3718 639 3770 Hoc'verstis
655 3721 750 3789 poscit
772 3720 817 3771 Cf.
841 3720 1029 3773 carbonariae
1045 3721 1149 3789 fragm.
1162 3734 1186 3774 a,
1200 3724 1244 3767 etc·
1255 3709 1284 3761 ld
1312 3762 1313 3767 ,

269 3789 343 3852 ruis,
369 3800 443 3855 quae
463 3791 507 3835 est
527 3787 737 3855 interpretatio.
785 3800 845 3853 550.
866 3787 909 3838 Ita
931 3786 1088 3841 Holmstad.
1105 3789 1152 3840 V.:
1174 3768 1284 3853 egadw}
1312 3808 1313 3869 q

267 3851 591 3920 331.qu0a.0bquod.
625 3852 704 3905 Male
720 3852 804 3906 libri:
823 3871 883 3920 quo,
932 3870 989 3922 552.
1007 3854 1054 3906 Sic
1070 3852 1139 3905 libri
1154 3854 1283 3915 neopum
1312 3872 1313 3909 t

268 3920 318 3967 να
341 3920 451 3985 possim.
487 3919 610 3985 Legitur
637 3934 753 3988 quoque
776 3921 864 3985 datis,
896 3919 946 3972 sed
977 3921 1055 3971 dabis
1083 3926 1161 3970 recta
1187 3906 1282 3975 intud-

267 3982 333 4033 Ald.
351 3991 405 4034 etc.
436 3985 498 4036 Uno
516 3983 696 4037 Phaedromo
712 3985 762 4036 hic
775 4000 845 4062 opus
862 4002 932 4054 esse,
949 3996 1046 4041 monet
1060 3986 1175 4039 Gruter.
1190 3972 1281 4049 Seqd*

267 4063 294 4114 7,
310 4062 335 4114 5·
387 4056 445 4115 338.
463 4068 590 4118 mugitum
605 4066 665 4104 non
681 4051 824 4121 liquescit.
850 4080 853 4085 ι
913 4062 918 4077 ··
1015 4060 1020 4067 “
1053 4056 1059 4067 ’
1190 4080 1194 4089 .
