2725 4659
230 292 303 363 224
579 269 635 339 M.
677 271 722 337 A.
766 266 950 338 etaim

227 450 270 509 Η.
294 451 424 510 Esurire
441 446 530 509 rfrihi
540 447 658 508 videre.
700 446 739 506 E.
756 445 845 507 Mihi
861 441 1125 523 quidem'esmio,
1138 466 1209 508 non
1222 448 1292 513 tibi.

228 531 269 592 H.
283 531 355 590 Tuo
372 531 530 591 arbitratu
542 530 639 589 facile
652 530 768 608 patior.
809 530 847 590 E.
868 528 990 588 Credo:
1011 544 1187 589 consuetus
1203 549 1289 609 puer.

225 615 268 677 H.
282 614 408 694 Jupiter
415 627 453 674 te
471 614 566 692 dique
583 612 738 693 perdant!
780 614 820 674 E.
834 610 881 670 Te
895 609 1007 671 hercle
1020 612 1070 672 mi
1086 619 1228 689 aequom
1247 628 1291 675 est
1339 635 1340 680 ;

352 731 370 742 ..
765 694 858 755 ratias
1232 712 1289 772 75
1339 695 1340 714 .

224 782 329 862 Agere
340 778 382 839 ob
389 783 558 840 nuntium:
573 791 704 839 tautum
718 716 778 858 ego
787 794 876 837 nunc
886 787 979 854 porto
993 790 1117 856 aportu
1131 777 1195 839 tibi
1206 714 1285 840 bodi.

225 863 323 925 Nunc
346 875 383 922 tu
401 862 485 924 mihi
504 863 621 942 places.
662 861 705 924 H.
726 862 806 931 Abi,
828 858 964 923 stultusx
986 861 1056 921 sero
1075 874 1147 940 post
1164 874 1284 940 tempus

741 963 845 1006 verus.
1339 1003 1340 1008 ,

225 1026 263 1094 Ε.
285 1028 389 1109 Igitur
404 1028 483 1088 olim
502 1030 527 1088 si
549 1027 763 1090 advenissem:
784 1044 881 1109 mage
895 1039 928 1086 te
948 1036 1022 1086 tum
1041 1026 1127 1085 istuc
1145 1026 1280 1095 dicerem
1339 1089 1340 1092 ,

224 1114 258 1176 N
260 1132 323 1172 unc
337 1112 421 1171 hanc
436 1110 595 1171 laetitiam
613 1114 723 1189 accipe
737 1131 755 1173 a
772 1129 843 1178 me,
867 1125 962 1188 quam
977 1107 1067 1168 fero:
1088 1126 1169 1168 nam
1182 1108 1280 1169 filium
1339 1109 1340 1120 ¹

225 1196 333 1256 Tuom
353 1191 450 1255 modo
467 1195 504 1254 in
520 1207 618 1275 portu
631 1193 894 1284 Philopolemum
915 1192 1024 1251 vivom
1042 1191 1163 1251 salvom
1187 1204 1220 1251 et
1240 1211 1278 1252 so

395 1313 401 1327 ·
739 1298 752 1337 s
776 1275 857 1335 item
1225 1284 1278 1343 800

159 1367 164 1382 “
223 1361 298 1421 Vidi
314 1363 350 1421 in
364 1358 496 1440 publica
508 1356 634 1430 celoce‚
656 1297 842 1437 ibidedique
856 1356 952 1416 illum
967 1355 1247 1418 adulescentulum

222 1445 337 1505 Aliuin
350 1462 415 1501 una
429 1454 461 1500 et
474 1454 569 1502 tuom
582 1442 788 1523 Stalagmum
804 1459 946 1511 servom,
969 1441 1024 1516 qui
1036 1440 1163 1521 aufugit
1179 1439 1277 1516 domo,

225 1527 292 1603 Qui
308 1527 369 1585 tibi
386 1523 545 1598 subripuit
564 1525 773 1600 quadrimum
788 1542 925 1604 puerum
942 1521 1083 1582 filiolum
1099 1536 1206 1582 tuom.

222 1607 345 1669 H..·Abi
358 1607 394 1665 in
408 1604 528 1665 malam
543 1609 630 1666 rem!
646 1606 731 1666 ludis
746 1608 819 1668 me!
860 1604 899 1668 Ε.
912 1604 962 1664 Ita
974 1624 1028 1665 me
1042 1605 1165 1665 amabit
1179 1617 1277 1666 sancta

299 1707 302 1712 ·
738 1688 903 1761 Saturitas,
1140 1690 1163 1748 i.
1179 1701 1204 1750 t.

222 1771 342 1853 Hegio,
351 1771 459 1849 itaque
468 1790 585 1833 suome
594 1769 1276 1851 sempercondecoretcognominet.t.c.805

222 1855 270 1917 Ut
284 1874 343 1936 ego
356 1853 522 1921 vidi....
564 1855 609 1920 Η.
625 1855 770 1916 Gnatum
785 1854 922 1915 meum?
965 1856 1004 1916 E.
1023 1854 1133 1914 Tuom
1150 1865 1276 1934 gnatum

737 1951 771 1997 et
786 1937 920 2018 genium
935 1955 1055 1999 meum.

221 2015 263 2080 Η.
272 2017 316 2080 Et
327 2020 487 2100 captivom
503 2021 601 2083 illum
615 2021 877 2084 Alidensem...
916 2018 956 2083 Ε.
972 2014 1032 2077 Μὰ
1043 2017 1103 2080 τὸν
1115 2015 1276 2079 ’Aetates

825 2132 832 2139 -
998 2101 1041 2161 Η.
1061 2104 1105 2163 Et
1123 2103 1277 2162 servolum

222 2185 337 2250 Meum
357 2184 575 2271 Stalagmum,
601 2208 715 2250 meum
737 2189 792 2291 qui
812 2198 948 2328 gnatum
966 2185 1118 2266 surpuit?
1160 2186 1202 2250 Ε.
1228 2179 1275 2253 Ni

733 2290 797 2330 ταν
845 2292 862 2327 0
885 2290 941 2328 αν.

220 2351 263 2414 Η.
284 2353 357 2413 Jam
373 2352 534 2420 dim...
574 2294 1201 2435 E.Nlebr11paivr‘oo;,fl.venit

647 2483 649 2486 .
851 2462 854 2465 ·
916 2433 954 2495 E.
976 2430 1027 2503 Ni
1048 2429 1274 2510 ademptura!

219 2517 261 2577 Η.
284 2518 434 2579 Certon'?
475 2517 514 2581 E.
535 2516 586 2592 Νὴ
606 2516 669 2582 τὰν
691 2519 908 2601 Φρουσινῶνα.
952 2516 993 2578 Η.
1015 2515 1110 2585 Vide,
1134 2517 1192 2575 sis!

771 2602 809 2663 E.
832 2596 883 2669 Νὴ
904 2594 967 2660 τὰν
987 2594 1176 2681 Ἀλάτριονέ
1218 2608 1275 2666 810

218 2681 269 2744 Η.
282 2681 368 2761 Quid
382 2694 420 2743 tu
431 2704 487 2763 per
500 2683 677 2746 barbaricas
691 2685 779 2744 urbis
794 2683 900 2760 juras?
942 2684 979 2744 E.
996 2680 1081 2759 Quia
1096 2683 1186 2741 enim
1198 2683 1276 2744 item

446 2828 448 2831 Α
728 2785 869 2844 asperae,
939 2822 946 2829 ,

217 2848 263 2908 Ut
276 2862 370 2910 tuom
385 2850 508 2912 victum
524 2850 715 2911 autumabas
726 2870 803 2909 esse.
843 2847 885 2910 H.
907 2848 971 2908 Vae
986 2850 1086 2908 aetati
1102 2851 1195 2908 tuae!

217 2930 255 2995 Ε.
278 2932 405 3012 Quippe
421 2933 550 3009 quando
564 2932 612 2994 nil
625 2931 710 2992 mihi
723 2932 841 3002 credis,
863 2931 948 3011 quod
963 2950 1021 3009 ego
1031 2930 1103 2989 dico
1117 2930 1238 2991 sedulo.

217 3014 281 3075 Sed
296 3012 476 3090 Stalagmus
490 3016 602 3095 quoius
616 3029 685 3076 erat
698 3028 777 3075 tunc
790 3014 945 3082 nunonis,
975 3032 1074 3090 quom
1092 3011 1171 3073 hinc
1188 3011 1274 3074 abit?

163 3143 165 3150 .
202 3095 258 3158 ⁴H.
280 3095 414 3185 Sieulus.
457 3101 493 3161 E.
515 3100 558 3159 At
581 3118 668 3159 nunc
689 3095 815 3158 Siculus
830 3116 898 3155 non
918 3108 983 3156 est:
1011 3094 1109 3172 Bojus
1127 3110 1195 3166 est3
1223 3100 1275 3160 bo·

726 3181 792 3255 jam
807 3181 900 3239 terit:
1215 3189 1274 3258 815

213 3262 410 3339 Liberorum
424 3264 690 3342 quaerundorum
703 3280 799 3322 causa
812 3263 860 3333 ei,
887 3261 998 3333 credo,
1029 3279 1115 3321 uxor
1127 3261 1204 3322 data
1217 3274 1273 3322 est.

213 3349 257 3412 Η.
278 3349 356 3409 Dic:
379 3347 497 3407 bonan’
511 3346 575 3407 fide
589 3363 627 3408 tu
643 3347 690 3405 mi
704 3345 802 3404 istaec
817 3344 914 3404 verba
937 3344 1071 3408 dixisti?
1114 3343 1153 3407 Ε.
1173 3347 1271 3406 Bona.

212 3432 254 3493 H.
276 3433 321 3491 Di
342 3429 538 3501 inmortales,
559 3431 681 3491 iterum
699 3441 813 3508 gnatus
831 3429 950 3498 videor,
972 3429 999 3487 si
1015 3446 1090 3486 vera
1107 3426 1284 3504 autumari,

211 3515 249 3579 E.
257 3518 310 3577 An
322 3514 503 3575 tudubiuin
509 3511 654 3582 habebis,
663 3515 762 3572 etiam
772 3523 879 3570 sancte
895 3528 994 3587 quom
1002 3529 1062 3591 ego
1073 3510 1181 3585 jurem
1188 3508 1271 3571 tibi?

286 3611 289 3616 ·
804 3611 806 3616 <
1244 3595 1250 3608 ·
1277 3593 1285 3634 ι

276 3701 336 3755 gro.
355 3689 401 3742 sic
413 3686 475 3741 sere
486 3690 596 3758 Langg.
613 3686 764 3756 Bosscbae,
777 3684 900 3744 Helmst,
914 3691 944 3738 et
956 3692 1027 3737 vett.
1040 3683 1184 3753 quaedam
1199 3681 1275 3750 edd}

210 3760 244 3812 in
260 3757 303 3810 his
320 3753 438 3809 Mediol.
455 3773 479 3807 a.
500 3770 563 3821 ¹5⁰⁰
579 3761 626 3824 (rte
645 3768 700 3804 tum
718 3754 876 3818 alatrium),
901 3770 936 3804 ex
952 3749 1055 3821 regula
1071 3751 1221 3804 communi
1237 3749 1275 3810 dt

210 3842 316 3912 genere
333 3827 489 3886 nominum
502 3822 621 3876 urbium
636 3822 832 3889 propriorum.
867 3818 912 3871 Sic
935 3827 964 3869 et
980 3819 1041 3889 ipse
1057 3815 1193 3871 Bosscbu.

156 3907 157 3910 ’
208 3926 238 3964 m,
257 3891 289 3955 τό
306 3891 441 3964 ’Antiatum
490 3906 547 3962 813.
571 3895 615 3946 tta
630 3895 714 3946 Laid.
737 3896 769 3947 B.
792 3897 841 3946 V.:
868 3896 936 3945 mihi
953 3894 1038 3959 nitu,
1064 3895 1111 3945 vel
1128 3813 1284 3960 1πίἠὶΗέ

209 3986 268 4039 814.
289 3977 322 4024 V.
339 3973 415 4021 abiit.
450 3970 506 4021 Sed
529 3970 566 4020 cf.
588 3971 714 4038 interpp.
731 3967 767 4020 ad
784 3968 888 4037 Amph.
912 3981 973 4033 505.
995 3975 1025 4019 et
1041 3963 1077 4016 ad
1093 3966 1197 4020 Horat.
1212 3964 1282 4024 batt

209 4058 241 4103 2,
258 4055 290 4105 5,
307 4039 355 4100 61,
373 4038 444 4088 item
461 4038 566 4088 Donat.
585 4034 622 4086 ad
637 4034 753 4086 Terent.
770 4035 886 4087 Phorm.
904 4034 978 4102 prol.
997 4048 1020 4086 1.
1039 4041 1111 4090 etm-
1147 4041 1208 4099 812.
1222 4029 1279 4096 δὴ

207 4106 277 4160 libri
293 4118 391 4156 omnes
408 4103 527 4171 antiqui.
560 4103 596 4154 In
611 4103 820 4160 recentioribus
836 4102 973 4155 omissum
990 4116 1050 4166 ego.
1154 4105 1157 4114 ’
