2725 4659
219 265 266 344 86
553 259 608 330 M.
659 263 702 334 Α.
757 246 958 333 PLAUTI'

221 441 274 505 Ne
287 444 372 504 istnc
385 440 605 522 nequidquam
618 439 738 502 dixeris
753 444 789 502 in
801 457 856 502 ma
872 451 939 501 tam
954 438 1281 521 indignum'dictum:
1345 465 1346 518 ξ

222 524 325 586 Vehes
337 525 391 604 pol
400 523 566 595 mehodie‚
575 523 1199 604 siquidemhocargentumferresperes.
1222 528 1283 602 675
1345 523 1346 596 ἶ

222 607 387 669 An'Ten’
405 626 467 688 ego
482 606 621 670 veham?
659 608 711 672 La.
732 605 817 668 Tun'
840 603 903 667 hac
916 606 1192 687 serasargentum
1204 607 1282 667 hinc

737 687 833 752 aliter
853 708 873 748 a
892 687 970 748 me?

222 774 283 833 Aa.
306 771 395 832 Perii
409 769 538 831 hercle!
561 770 626 833 sive
646 769 763 831 herum
778 770 908 850 quidem
925 783 974 831 est
995 769 1149 836 decorum
1164 770 1279 834 vehere
1345 839 1346 870 q

246 905 249 910 ,
753 872 876 912 arvom:
1345 879 1346 886 ¹

222 891 404 997 Inscenael
430 934 482 999 La.
506 933 559 997 Sic
582 936 639 998 isti
655 874 759 996 solenst
776 934 905 1014 superbi
923 932 1115 996 subdomari.
1345 999 1346 1022 q

222 1016 321 1078 Adsta
348 1018 467 1100 igitur,
515 1031 553 1082 ut
587 1031 759 1160 consuetus
795 1038 828 1077 es
857 1037 938 1097 puer
972 1016 1077 1081 oliml‘
1118 1015 1205 1080 Scin'
1241 1033 1277 1081 ut
1345 1025 1346 1036 ³

760 1099 865 1159 icam?
937 1106 939 1110 ’

221 1182 319 1254 Hem,
334 1183 397 1244 sin!
420 1208 462 1222 -
481 1183 562 1243 Abi!
585 1182 707 1257 Laudo,
729 1195 844 1241 nec‘te
865 1201 947 1262 equo
966 1182 1070 1262 magis
1092 1195 1140 1248 est
1164 1201 1276 1263 aequos

739 1264 828 1324 ullus
849 1267 982 1342 sapiens.
1219 1271 1276 1334 680

220 1348 281 1407 Aa.
295 1346 452 1409 Inscende
466 1349 627 1410 actutum!
655 1346 707 1412 L1.
725 1344 795 1427 Ego
810 1345 1069 1408 feners-Hem
1083 1347 1161 1427 quid
1173 1347 1275 1430 istuc?

738 1442 776 1488 ut
796 1441 833 1489 tu
847 1429 999 1489 incedis?

222 1510 362 1571 Damam
382 1510 489 1571 hercle
511 1512 576 1586 jam
596 1524 654 1573 tuo
676 1512 717 1573 de
730 1512 868 1583 hordeo,
890 1511 1022 1571 tolutim
1038 1513 1074 1571 ni
1096 1512 1259 1574 badizasl'
1345 1519 1346 1526 ’

221 1595 282 1653 Aa.
314 1593 460 1665 Amabo,
482 1592 629 1677 (libane,
652 1595 717 1671 jam
744 1594 867 1656 satist?
892 1592 944 1654 L1.
976 1594 1151 1674 Nunquam
1170 1595 1276 1658 hercle

735 1675 832 1735 hodie
854 1674 1019 1736 exorabis:

222 1759 310 1822 Nam
325 1757 389 1832 jam
406 1758 523 1822 calcari
540 1758 785 1837 quadrupedem
796 1758 924 1837 agitabo
940 1758 1257 1833 advorsumclivorn5
1297 1780 1302 1792 ·

223 1838 367 1899 Possidea
389 1842 429 1900 ad
443 1844 575 1919 pistores
591 1841 691 1900 dabo:
715 1854 753 1902 ut
773 1840 820 1901 ibi
844 1841 986 1900 cruciere
1006 1860 1150 1903 currens.
1218 1848 1276 1920 685

221 1922 335 1982 Adsta:
355 1935 390 1983 ut
409 1922 600 1988 descendam
615 1940 702 1986 nunc
719 1925 835 1984 iamin
851 1921 995 2001 proclivi,
1010 1941 1203 2002 quamquam
1222 1945 1276 1987 ne·

166 2015 169 2021 “
232 2053 237 2062 .
739 2025 835 2085 quam
864 2008 912 2072 es!
1122 2049 1128 2061 .

222 2086 281 2147 Aa.
319 2085 407 2165 Quid
434 2088 545 2148 manc?
574 2088 730 2168 quoniam
759 2088 850 2150 ambo
877 2107 952 2158 nos,
987 2102 1024 2147 ut
1052 2101 1100 2149 est
1127 2089 1277 2166 lubitum,

251 2175 254 2178 ’
739 2172 835 2232 amhn
856 2169 1033 2234 delusistis:

221 2248 358 2311 Datisne
380 2251 577 2333 argentum?
602 2251 654 2313 L1.
678 2250 712 2316 Si
732 2254 864 2335 quidem
886 2252 970 2314 mihi
988 2268 1129 2314 statuam
1145 2268 1178 2314 et
1194 2274 1279 2316 aram

739 2338 865 2403 statuis,
1051 2349 1053 2352 ’

178 2475 189 2486 ,
220 2415 343 2493 Atque,
367 2429 404 2477 ut
432 2415 508 2489 deo,
539 2418 587 2480 mi
612 2416 666 2480 hic
688 2418 823 2480 inmolas
844 2417 988 2484 ,bovemz
1027 2436 1105 2481 nam
1128 2422 1192 2501 'ego
1219 2421 1278 2482 tibi

738 2500 830 2560 Salus
851 2519 931 2562 sum.

221 2576 279 2642 La.
308 2581 417 2640 Etiam
436 2593 474 2642 tu
495 2581 590 2654 here,
616 2584 717 2644 istum
736 2582 792 2642 abs
814 2597 847 2643 te
868 2601 1014 2653 amoves,
1045 2601 1083 2642 ac
1109 2604 1165 2645 me
1186 2586 1276 2644 vicis·
1345 2579 1346 2618 ³

239 2711 242 2720 .
736 2665 798 2724 sim
819 2665 1001 2744 adgredere.
1218 2670 1277 2745 690
1345 2681 1346 2684 ’

220 2744 329 2822 Atque
343 2743 410 2814 illa,
425 2748 484 2806 sibi
494 2766 575 2825 quae
591 2747 645 2808 hic
664 2748 808 2822 jusserat,
817 2748 902 2808 mihi
913 2749 1023 2816 statuis
1033 2750 1275 2828 supplicasque?
1345 2755 1346 2832 ζ

222 2825 282 2888 Aa.
307 2825 417 2903 Quem
433 2841 465 2889 te
479 2830 579 2891 deum
597 2841 708 2892 autern
722 2831 917 2890 nominem?
953 2830 1011 2892 La.
1036 2833 1212 2893 Fortunam
1227 2844 1275 2893 at·
1345 2837 1346 2854 ¹

739 2931 800 2990 que
823 2913 1073 2991 Obsequentem.

221 2990 376 3052 Aa..lam'
388 2993 467 3054 istoc
488 3015 520 3055 es
535 2997 658 3057 melior.
695 2996 747 3055 L1.
764 2998 815 3055 An
833 2996 910 3072 quid
927 2996 1007 3056 olim
1020 2997 1149 3059 homini
1170 3010 1216 3059 est
1231 3017 1277 3058 sa·

737 3077 805 3137 lute
826 3078 969 3139 melius?

220 3155 281 3216 Aa.
294 3157 391 3217 ‘Licet
401 3158 532 3218 laudem
541 3161 742 3224 Fortunam:
757 3172 877 3230 tamen,
886 3172 923 3220 ut
932 3180 974 3224 ne
984 3160 1130 3223 Salutem
1139 3165 1275 3244 culpem.

219 3235 292 3302 Pm.
313 3242 442 3303 Ecastor
463 3241 575 3303 ambae
590 3256 666 3305 suut
681 3243 797 3307 bonae.
825 3244 883 3302 Aa.
905 3242 1023 3314 sciam,
1044 3242 1099 3306 ubi
1114 3247 1191 3306 boni
1204 3246 1278 3327 quid

735 3325 894 3386 dederint.
1217 3330 1276 3408 695

284 3524 344 3601 6'77.
361 3532 409 3583 V.:
434 3533 466 3585 P.
484 3532 513 3585 h.
538 3536 564 3584 si
579 3551 671 3585 verum
694 3532 857 3603 (sincerum,
876 3533 1014 3602 sinerum)
1034 3538 1141 3606 quidam
1161 3549 1201 3587 cst
1216 3535 1276 3591 dec.

220 3595 312 3650 herum
329 3599 389 3649 veh.
408 3617 430 3650 s.
480 3598 539 3659 631.
557 3602 605 3651 Va
630 3619 656 3667 q.
679 3602 726 3656 ist.
743 3600 806 3649 est?
855 3599 914 3660 632.
932 3604 979 3653 Vn
1005 3604 1038 3655 D.
1058 3604 1084 3655 h.
1110 3608 1170 3670 jam
1186 3604 1218 3652 de
1234 3620 1277 3652 or-

221 3664 279 3713 deo.
297 3662 456 3717 Helmstad.
474 3674 504 3717 et
520 3664 581 3716 Pal.
599 3680 639 3731 qm
657 3667 691 3716 de
704 3667 761 3716 ord.
782 3680 835 3716 tuo.
866 3666 941 3718 Edd.
960 3667 1070 3722 mediae
1088 3678 1118 3721 et
1136 3670 1277 3722 Granum:

219 3728 269 3778 tibi
292 3731 324 3781 de
348 3733 403 3782 ord.
453 3730 512 3797 683.
529 3733 577 3781 V.:
596 3737 656 3800 jum
679 3746 724 3783 sat
747 3745 795 3782 ast.
820 3729 917 3783 Guelf.
942 3744 972 3784 et
993 3753 1018 3786 a.
1035 3753 1074 3787 m.
1101 3752 1123 3787 1.
1141 3736 1277 3788 Helmst.:

219 3796 238 3844 i.
255 3798 325 3846 satis
344 3811 392 3848 est.
444 3797 501 3862 685.
521 3795 568 3848 Sic
586 3797 673 3867 aliqui
696 3797 772 3868 apud
789 3799 920 3850 Paroum.
939 3802 987 3853 V.:
1005 3804 1115 3854 Postea.
1151 3801 1211 3870 690.
1227 3801 1276 3853 Va

217 3861 251 3929 E.⁸
276 3874 319 3926 tu,
344 3864 387 3926 ln,
413 3865 503 3913 istunc
526 3884 579 3914 cam.
598 3866 646 3915 abs
663 3880 705 3931 te,
731 3879 812 3931 atque
838 3867 896 3935 ipsc
914 3883 954 3918 inc
972 3871 1126 3936 cggredirc,
1144 3869 1279 3920 haerente

219 3927 308 3979 etiam
331 3928 461 3982 Acidalio
481 3929 568 3982 Divv.
591 3948 619 4001 p,
636 3941 677 3996 58.
703 3932 746 3983 cf.
765 3929 823 3998 698,
873 3932 931 3999 692.
956 3934 1054 3990 Gueli.
1075 3945 1104 3987 et
1120 3936 1235 4003 Argent
1253 3951 1279 3990 a.

221 4013 309 4067 ¹514·=
335 4002 371 4070 Q.
390 4018 415 4056 te
434 4018 488 4058 aut.
507 4024 577 4057 nom.
596 4008 683 4058 deum.
701 4009 748 4063 Vn
767 4000 891 4078 ἱμέτρωςε
922 4007 955 4075 Q
983 4010 1181 4064 secundeum
1197 4009 1280 4062 nom?
