<?xml version="1.0" encoding="UTF-8"?>
<!DOCTYPE html PUBLIC "-//W3C//DTD XHTML 1.0 Transitional//EN"
    "http://www.w3.org/TR/xhtml1/DTD/xhtml1-transitional.dtd">
<html xmlns="http://www.w3.org/1999/xhtml" xml:lang="en" lang="en">
 <head>
  <title>
</title>
<meta http-equiv="Content-Type" content="text/html;charset=utf-8" />
  <meta name='ocr-system' content='tesseract 3.04.00' />
  <meta name='ocr-capabilities' content='ocr_page ocr_carea ocr_par ocr_line ocrx_word'/>
</head>
<body>
  <div class='ocr_page' id='page_1' title='image "./mattiplauticomo00unkngoog/mattiplauticomo00unkngoog_0035.png"; bbox 0 0 2725 4659; ppageno 0'>
   <div class='ocr_carea' id='block_1_1' title="bbox 243 949 967 1063">
    <p class='ocr_par' dir='ltr' id='par_1_1' title="bbox 243 949 967 1113">
     <span class='ocr_line' id='line_1_1' title="bbox 243 949 967 1063; baseline 0.011 -7"><span class='ocrx_word' id='word_1_1' title='bbox 243 949 967 1063; x_wconf 58' lang='lat' dir='ltr'><strong>ARGUMENTU&#39;M.</strong></span> 
     </span>
    </p>
   </div>
   <div class='ocr_carea' id='block_1_2' title="bbox 452 1187 736 1203">
    <p class='ocr_par' dir='ltr' id='par_1_2' title="bbox 452 1187 736 1203">
     <span class='ocr_line' id='line_1_2' title="bbox 452 1187 736 1203; baseline 0.004 -4"><span class='ocrx_word' id='word_1_2' title='bbox 452 1187 736 1203; x_wconf 56' lang='lat' dir='ltr'><strong>m-</strong></span> 
     </span>
    </p>
   </div>
   <div class='ocr_carea' id='block_1_3' title="bbox 71 1319 1047 1467">
    <p class='ocr_par' dir='ltr' id='par_1_3' title="bbox 71 1319 1047 1467">
     <span class='ocr_line' id='line_1_3' title="bbox 71 1319 1047 1467; baseline 0.006 -20"><span class='ocrx_word' id='word_1_3' title='bbox 71 1319 130 1447; x_wconf 81' lang='lat' dir='ltr'><strong>In</strong></span> <span class='ocrx_word' id='word_1_4' title='bbox 149 1387 266 1447; x_wconf 82' lang='lat' dir='ltr'><strong>faciem</strong></span> <span class='ocrx_word' id='word_1_5' title='bbox 285 1403 395 1444; x_wconf 83' lang='lat' dir='ltr'><strong>vorsus</strong></span> <span class='ocrx_word' id='word_1_6' title='bbox 415 1384 659 1465; x_wconf 79' lang='lat' dir='ltr'><strong>Amphitruonis</strong></span> <span class='ocrx_word' id='word_1_7' title='bbox 679 1387 815 1467; x_wconf 86' lang='lat' dir='ltr'>Jupiter,</span> <span class='ocrx_word' id='word_1_8' title='bbox 978 1391 1001 1452; x_wconf 92' lang='lat' dir='ltr'><strong>i.</strong></span> <span class='ocrx_word' id='word_1_9' title='bbox 1024 1410 1047 1456; x_wconf 84' lang='lat' dir='ltr'><strong>s.</strong></span> 
     </span>
    </p>
   </div>
   <div class='ocr_carea' id='block_1_4' title="bbox 61 1473 899 2219">
    <p class='ocr_par' dir='ltr' id='par_1_4' title="bbox 61 1473 899 2219">
     <span class='ocr_line' id='line_1_4' title="bbox 70 1473 899 1555; baseline 0.001 -16"><span class='ocrx_word' id='word_1_10' title='bbox 70 1478 165 1539; x_wconf 88' lang='lat' dir='ltr'><strong>Dum</strong></span> <span class='ocrx_word' id='word_1_11' title='bbox 185 1476 307 1536; x_wconf 86' lang='lat' dir='ltr'><strong>bellum</strong></span> <span class='ocrx_word' id='word_1_12' title='bbox 327 1486 454 1555; x_wconf 83' lang='lat' dir='ltr'><strong>gereret</strong></span> <span class='ocrx_word' id='word_1_13' title='bbox 475 1492 552 1538; x_wconf 85' lang='lat' dir='ltr'><strong>cum</strong></span> <span class='ocrx_word' id='word_1_14' title='bbox 571 1473 725 1537; x_wconf 82' lang='lat' dir='ltr'><strong>Telebois</strong></span> <span class='ocrx_word' id='word_1_15' title='bbox 742 1475 899 1553; x_wconf 82' lang='lat' dir='ltr'>hostibus,</span> 
     </span>
     <span class='ocr_line' id='line_1_5' title="bbox 69 1559 741 1638; baseline -0.006 -16"><span class='ocrx_word' id='word_1_16' title='bbox 69 1562 263 1623; x_wconf 78' lang='lat' dir='ltr'><strong>Alcmenam</strong></span> <span class='ocrx_word' id='word_1_17' title='bbox 284 1575 420 1616; x_wconf 84' lang='lat' dir='ltr'><strong>uxorem</strong></span> <span class='ocrx_word' id='word_1_18' title='bbox 440 1559 525 1638; x_wconf 87' lang='lat' dir='ltr'><strong>cepit</strong></span> <span class='ocrx_word' id='word_1_19' title='bbox 544 1559 741 1629; x_wconf 67' lang='lat' dir='ltr'><strong>usurariam</strong></span> 
     </span>
     <span class='ocr_line' id='line_1_6' title="bbox 69 1637 846 1723; baseline -0.001 -19"><span class='ocrx_word' id='word_1_20' title='bbox 69 1643 257 1705; x_wconf 87' lang='lat' dir='ltr'><strong>Mercurius</strong></span> <span class='ocrx_word' id='word_1_21' title='bbox 276 1640 415 1699; x_wconf 83' lang='lat' dir='ltr'><strong>formam</strong></span> <span class='ocrx_word' id='word_1_22' title='bbox 435 1637 541 1700; x_wconf 87' lang='lat' dir='ltr'><strong>Sosiae</strong></span> <span class='ocrx_word' id='word_1_23' title='bbox 561 1644 641 1701; x_wconf 83' lang='lat' dir='ltr'><strong>servi</strong></span> <span class='ocrx_word' id='word_1_24' title='bbox 663 1641 747 1723; x_wconf 81' lang='lat' dir='ltr'><strong>gerit</strong></span> <span class='ocrx_word' id='word_1_25' title='bbox 842 1713 846 1719; x_wconf 22' lang='lat'>¹</span> 
     </span>
     <span class='ocr_line' id='line_1_7' title="bbox 67 1720 852 1805; baseline -0.008 -17"><span class='ocrx_word' id='word_1_26' title='bbox 67 1726 236 1788; x_wconf 86' lang='lat' dir='ltr'><strong>Absentis:</strong></span> <span class='ocrx_word' id='word_1_27' title='bbox 257 1720 307 1781; x_wconf 88' lang='lat' dir='ltr'><strong>his</strong></span> <span class='ocrx_word' id='word_1_28' title='bbox 327 1722 483 1781; x_wconf 83' lang='lat' dir='ltr'><strong>Alcmena</strong></span> <span class='ocrx_word' id='word_1_29' title='bbox 503 1723 664 1805; x_wconf 77' lang='lat' dir='ltr'><strong>decipitur</strong></span> <span class='ocrx_word' id='word_1_30' title='bbox 677 1724 775 1789; x_wconf 83' lang='lat' dir='ltr'><strong>dolis.</strong></span> <span class='ocrx_word' id='word_1_31' title='bbox 849 1778 852 1782; x_wconf 77' lang='grc'><em>,</em></span> 
     </span>
     <span class='ocr_line' id='line_1_8' title="bbox 66 1804 860 1887; baseline -0.003 -16"><span class='ocrx_word' id='word_1_32' title='bbox 66 1810 244 1887; x_wconf 86' lang='lat' dir='ltr'><strong>Postquam</strong></span> <span class='ocrx_word' id='word_1_33' title='bbox 262 1804 386 1864; x_wconf 85' lang='lat' dir='ltr'><strong>rediere</strong></span> <span class='ocrx_word' id='word_1_34' title='bbox 406 1804 689 1883; x_wconf 75' lang='lat' dir='ltr'><strong>veri&#39;Amphitruo</strong></span> <span class='ocrx_word' id='word_1_35' title='bbox 710 1820 743 1865; x_wconf 87' lang='lat' dir='ltr'><strong>et</strong></span> <span class='ocrx_word' id='word_1_36' title='bbox 763 1807 860 1884; x_wconf 81' lang='lat' dir='ltr'><strong>Sosia,</strong></span> 
     </span>
     <span class='ocr_line' id='line_1_9' title="bbox 65 1882 862 1970; baseline 0.003 -21"><span class='ocrx_word' id='word_1_37' title='bbox 65 1882 215 1970; x_wconf 77' lang='lat' dir='ltr'><strong>Uterque</strong></span> <span class='ocrx_word' id='word_1_38' title='bbox 235 1884 431 1946; x_wconf 85' lang='lat' dir='ltr'><strong>deluduntur</strong></span> <span class='ocrx_word' id='word_1_39' title='bbox 450 1887 488 1945; x_wconf 89' lang='lat' dir='ltr'><strong>in</strong></span> <span class='ocrx_word' id='word_1_40' title='bbox 507 1889 630 1954; x_wconf 83' lang='lat' dir='ltr'><strong>mirum</strong></span> <span class='ocrx_word' id='word_1_41' title='bbox 649 1889 811 1950; x_wconf 85' lang='lat' dir='ltr'><strong>modum.-</strong></span> <span class='ocrx_word' id='word_1_42' title='bbox 831 1937 837 1948; x_wconf 92' lang='lat'>.</span> <span class='ocrx_word' id='word_1_43' title='bbox 858 1913 862 1918; x_wconf 92' lang='grc'><em>·</em></span> 
     </span>
     <span class='ocr_line' id='line_1_10' title="bbox 66 1966 893 2051; baseline -0.004 -20"><span class='ocrx_word' id='word_1_44' title='bbox 66 1971 161 2033; x_wconf 87' lang='lat' dir='ltr'><strong>Hine</strong></span> <span class='ocrx_word' id='word_1_45' title='bbox 183 1971 339 2051; x_wconf 82' lang='lat' dir='ltr'><strong>jurgium,</strong></span> <span class='ocrx_word' id='word_1_46' title='bbox 360 1966 540 2042; x_wconf 76' lang='lat' dir='ltr'><strong>tumultus,</strong></span> <span class='ocrx_word' id='word_1_47' title='bbox 562 1969 659 2030; x_wconf 85' lang='lat' dir='ltr'><strong>uxori</strong></span> <span class='ocrx_word' id='word_1_48' title='bbox 680 1983 713 2030; x_wconf 86' lang='lat' dir='ltr'><strong>et</strong></span> <span class='ocrx_word' id='word_1_49' title='bbox 733 1972 822 2030; x_wconf 87' lang='lat' dir='ltr'><strong>viro:</strong></span> <span class='ocrx_word' id='word_1_50' title='bbox 888 1997 893 2006; x_wconf 36' lang='lat' dir='ltr'><strong>r</strong></span> 
     </span>
     <span class='ocr_line' id='line_1_11' title="bbox 65 2052 884 2136; baseline 0 -21"><span class='ocrx_word' id='word_1_51' title='bbox 65 2055 205 2126; x_wconf 86' lang='lat' dir='ltr'><strong>Donec,</strong></span> <span class='ocrx_word' id='word_1_52' title='bbox 226 2071 302 2112; x_wconf 90' lang='lat' dir='ltr'><strong>cum</strong></span> <span class='ocrx_word' id='word_1_53' title='bbox 322 2054 445 2111; x_wconf 86' lang='lat' dir='ltr'><strong>tonitru</strong></span> <span class='ocrx_word' id='word_1_54' title='bbox 467 2071 543 2110; x_wconf 85' lang='lat' dir='ltr'><strong>voce</strong></span> <span class='ocrx_word' id='word_1_55' title='bbox 564 2053 661 2113; x_wconf 80' lang='lat' dir='ltr'><strong>missa</strong></span> <span class='ocrx_word' id='word_1_56' title='bbox 680 2074 721 2113; x_wconf 83' lang='lat' dir='ltr'><strong>ex</strong></span> <span class='ocrx_word' id='word_1_57' title='bbox 742 2052 884 2136; x_wconf 73' lang='lat' dir='ltr'><strong>aethere,</strong></span> 
     </span>
     <span class='ocr_line' id='line_1_12' title="bbox 61 2133 720 2219; baseline -0.002 -21"><span class='ocrx_word' id='word_1_58' title='bbox 61 2136 262 2219; x_wconf 68' lang='lat' dir='ltr'><strong>Adulterum</strong></span> <span class='ocrx_word' id='word_1_59' title='bbox 282 2155 314 2195; x_wconf 89' lang='lat' dir='ltr'><strong>se</strong></span> <span class='ocrx_word' id='word_1_60' title='bbox 335 2133 460 2209; x_wconf 84' lang='lat' dir='ltr'><strong>Jupiter</strong></span> <span class='ocrx_word' id='word_1_61' title='bbox 480 2133 642 2196; x_wconf 83' lang='lat' dir='ltr'><strong>confessus</strong></span> <span class='ocrx_word' id='word_1_62' title='bbox 663 2149 720 2197; x_wconf 87' lang='lat' dir='ltr'><strong>est.</strong></span> 
     </span>
    </p>
   </div>
   <div class='ocr_carea' id='block_1_5' title="bbox 261 2385 935 2500">
    <p class='ocr_par' dir='ltr' id='par_1_5' title="bbox 261 2385 935 2500">
     <span class='ocr_line' id='line_1_13' title="bbox 261 2385 935 2500; baseline 0.004 -45"><span class='ocrx_word' id='word_1_63' title='bbox 261 2386 443 2455; x_wconf 81' lang='lat' dir='ltr'>ALIUD</span> <span class='ocrx_word' id='word_1_64' title='bbox 493 2385 935 2500; x_wconf 66' lang='lat' dir='ltr'>ARGUMENTUM</span> 
     </span>
    </p>
   </div>
   <div class='ocr_carea' id='block_1_6' title="bbox 21 2581 1045 3327">
    <p class='ocr_par' dir='ltr' id='par_1_6' title="bbox 56 2581 1045 2751">
     <span class='ocr_line' id='line_1_14' title="bbox 56 2581 1045 2664; baseline 0.001 -17"><span class='ocrx_word' id='word_1_65' title='bbox 56 2588 190 2647; x_wconf 83' lang='lat' dir='ltr'><strong>Amore</strong></span> <span class='ocrx_word' id='word_1_66' title='bbox 210 2594 319 2664; x_wconf 83' lang='lat' dir='ltr'><strong>captus</strong></span> <span class='ocrx_word' id='word_1_67' title='bbox 338 2583 526 2645; x_wconf 83' lang='lat' dir='ltr'><strong>Alcumenas</strong></span> <span class='ocrx_word' id='word_1_68' title='bbox 546 2581 673 2663; x_wconf 86' lang='lat' dir='ltr'><strong>Jupiter</strong></span> <span class='ocrx_word' id='word_1_69' title='bbox 821 2631 824 2644; x_wconf 90' lang='lat'>.</span> <span class='ocrx_word' id='word_1_70' title='bbox 977 2584 1000 2658; x_wconf 80' lang='lat' dir='ltr'><strong>i.</strong></span> <span class='ocrx_word' id='word_1_71' title='bbox 1021 2607 1045 2648; x_wconf 85' lang='lat' dir='ltr'><strong>s.</strong></span> 
     </span>
     <span class='ocr_line' id='line_1_15' title="bbox 57 2666 783 2751; baseline -0.003 -21"><span class='ocrx_word' id='word_1_72' title='bbox 57 2666 216 2730; x_wconf 85' lang='lat' dir='ltr'><strong>Mutavit</strong></span> <span class='ocrx_word' id='word_1_73' title='bbox 238 2685 303 2726; x_wconf 87' lang='lat' dir='ltr'><strong>sese</strong></span> <span class='ocrx_word' id='word_1_74' title='bbox 323 2668 357 2727; x_wconf 87' lang='lat' dir='ltr'><strong>in</strong></span> <span class='ocrx_word' id='word_1_75' title='bbox 379 2668 446 2744; x_wconf 83' lang='lat' dir='ltr'><strong>ejus</strong></span> <span class='ocrx_word' id='word_1_76' title='bbox 465 2666 605 2728; x_wconf 81' lang='lat' dir='ltr'><strong>formam</strong></span> <span class='ocrx_word' id='word_1_77' title='bbox 626 2669 783 2751; x_wconf 81' lang='lat' dir='ltr'><strong>conjugis,</strong></span> 
     </span>
    </p>

    <p class='ocr_par' dir='ltr' id='par_1_7' title="bbox 55 2746 1009 2830">
     <span class='ocr_line' id='line_1_16' title="bbox 55 2746 1009 2830; baseline -0.004 -17"><span class='ocrx_word' id='word_1_78' title='bbox 55 2752 129 2813; x_wconf 88' lang='lat' dir='ltr'><strong>Pro</strong></span> <span class='ocrx_word' id='word_1_79' title='bbox 153 2750 254 2829; x_wconf 86' lang='lat' dir='ltr'><strong>patria</strong></span> <span class='ocrx_word' id='word_1_80' title='bbox 273 2749 466 2830; x_wconf 85' lang='lat' dir='ltr'><strong>Amphitruo</strong></span> <span class='ocrx_word' id='word_1_81' title='bbox 487 2749 565 2810; x_wconf 89' lang='lat' dir='ltr'><strong>dum</strong></span> <span class='ocrx_word' id='word_1_82' title='bbox 585 2750 731 2811; x_wconf 88' lang='lat' dir='ltr'><strong>decernit</strong></span> <span class='ocrx_word' id='word_1_83' title='bbox 751 2767 828 2809; x_wconf 86' lang='lat' dir='ltr'><strong>cum</strong></span> <span class='ocrx_word' id='word_1_84' title='bbox 848 2746 1009 2824; x_wconf 79' lang='lat' dir='ltr'><strong>hostibus3</strong></span> 
     </span>
    </p>

    <p class='ocr_par' dir='ltr' id='par_1_8' title="bbox 21 2828 917 2894">
     <span class='ocr_line' id='line_1_17' title="bbox 21 2828 917 2894; baseline -0.002 -1"><span class='ocrx_word' id='word_1_85' title='bbox 21 2855 25 2862; x_wconf 92' lang='lat'>·</span> <span class='ocrx_word' id='word_1_86' title='bbox 54 2832 192 2894; x_wconf 89' lang='lat' dir='ltr'><strong>Habitu</strong></span> <span class='ocrx_word' id='word_1_87' title='bbox 212 2828 393 2892; x_wconf 85' lang='lat' dir='ltr'><strong>Mercurius</strong></span> <span class='ocrx_word' id='word_1_88' title='bbox 415 2834 446 2891; x_wconf 89' lang='lat' dir='ltr'><strong>ei</strong></span> <span class='ocrx_word' id='word_1_89' title='bbox 466 2833 622 2892; x_wconf 82' lang='lat' dir='ltr'><strong>subservit</strong></span> <span class='ocrx_word' id='word_1_90' title='bbox 644 2833 759 2893; x_wconf 81' lang='lat' dir='ltr'><strong>Sosiae.</strong></span> <span class='ocrx_word' id='word_1_91' title='bbox 889 2841 917 2854; x_wconf 89' lang='grc'><strong>·’</strong></span> 
     </span>
    </p>

    <p class='ocr_par' dir='ltr' id='par_1_9' title="bbox 51 2911 985 3241">
     <span class='ocr_line' id='line_1_18' title="bbox 53 2911 985 2986; baseline 0 -11"><span class='ocrx_word' id='word_1_92' title='bbox 53 2914 91 2975; x_wconf 91' lang='lat' dir='ltr'><strong>Is</strong></span> <span class='ocrx_word' id='word_1_93' title='bbox 113 2913 318 2975; x_wconf 84' lang='lat' dir='ltr'><strong>advenientis</strong></span> <span class='ocrx_word' id='word_1_94' title='bbox 340 2934 467 2977; x_wconf 89' lang='lat' dir='ltr'><strong>servum</strong></span> <span class='ocrx_word' id='word_1_95' title='bbox 490 2927 521 2973; x_wconf 89' lang='lat' dir='ltr'><strong>et</strong></span> <span class='ocrx_word' id='word_1_96' title='bbox 542 2914 711 2975; x_wconf 88' lang='lat' dir='ltr'><strong>dominum</strong></span> <span class='ocrx_word' id='word_1_97' title='bbox 732 2911 849 2975; x_wconf 79' lang='lat' dir='ltr'><strong>frustra</strong></span> <span class='ocrx_word' id='word_1_98' title='bbox 869 2914 985 2986; x_wconf 84' lang='lat' dir='ltr'><strong>habet;</strong></span> 
     </span>
     <span class='ocr_line' id='line_1_19' title="bbox 53 2995 909 3078; baseline 0.001 -20"><span class='ocrx_word' id='word_1_99' title='bbox 53 2995 195 3058; x_wconf 79' lang='lat' dir='ltr'><strong>Tur-bas</strong></span> <span class='ocrx_word' id='word_1_100' title='bbox 214 2998 308 3057; x_wconf 84' lang='lat' dir='ltr'><strong>uxori</strong></span> <span class='ocrx_word' id='word_1_101' title='bbox 328 3003 391 3057; x_wconf 90' lang='lat' dir='ltr'><strong>ciet</strong></span> <span class='ocrx_word' id='word_1_102' title='bbox 411 2996 625 3078; x_wconf 79' lang='lat' dir='ltr'><strong>Amphitru03</strong></span> <span class='ocrx_word' id='word_1_103' title='bbox 648 3012 745 3078; x_wconf 86' lang='lat' dir='ltr'><strong>atque</strong></span> <span class='ocrx_word' id='word_1_104' title='bbox 767 2999 909 3059; x_wconf 87' lang='lat' dir='ltr'><strong>invicem</strong></span> 
     </span>
     <span class='ocr_line' id='line_1_20' title="bbox 51 3076 953 3161; baseline -0.001 -21"><span class='ocrx_word' id='word_1_105' title='bbox 51 3082 208 3161; x_wconf 85' lang='lat' dir='ltr'><strong>Raptant</strong></span> <span class='ocrx_word' id='word_1_106' title='bbox 228 3099 286 3158; x_wconf 91' lang='lat' dir='ltr'><strong>pro</strong></span> <span class='ocrx_word' id='word_1_107' title='bbox 306 3077 466 3149; x_wconf 82' lang='lat' dir='ltr'><strong>moechis3</strong></span> <span class='ocrx_word' id='word_1_108' title='bbox 489 3076 669 3159; x_wconf 88' lang='lat' dir='ltr'><strong>Blepharo,</strong></span> <span class='ocrx_word' id='word_1_109' title='bbox 690 3093 799 3160; x_wconf 86' lang='lat' dir='ltr'><strong>captus</strong></span> <span class='ocrx_word' id='word_1_110' title='bbox 821 3079 953 3158; x_wconf 82' lang='lat' dir='ltr'><strong>arbiter,</strong></span> 
     </span>
     <span class='ocr_line' id='line_1_21' title="bbox 51 3161 859 3241; baseline 0.001 -19"><span class='ocrx_word' id='word_1_111' title='bbox 51 3164 150 3225; x_wconf 85' lang='lat' dir='ltr'><strong>Uter</strong></span> <span class='ocrx_word' id='word_1_112' title='bbox 170 3163 230 3235; x_wconf 85' lang='lat' dir='ltr'><strong>sit,</strong></span> <span class='ocrx_word' id='word_1_113' title='bbox 250 3180 317 3222; x_wconf 85' lang='lat' dir='ltr'><strong>non</strong></span> <span class='ocrx_word' id='word_1_114' title='bbox 337 3165 424 3240; x_wconf 86' lang='lat' dir='ltr'><strong>quit,</strong></span> <span class='ocrx_word' id='word_1_115' title='bbox 445 3161 655 3241; x_wconf 84' lang='lat' dir='ltr'><strong>Amphitruo,</strong></span> <span class='ocrx_word' id='word_1_116' title='bbox 678 3162 859 3226; x_wconf 81' lang='lat' dir='ltr'><strong>decernere.</strong></span> 
     </span>
    </p>

    <p class='ocr_par' dir='ltr' id='par_1_10' title="bbox 51 3243 888 3327">
     <span class='ocr_line' id='line_1_22' title="bbox 51 3243 888 3327; baseline 0 -22"><span class='ocrx_word' id='word_1_117' title='bbox 51 3244 209 3305; x_wconf 85' lang='lat' dir='ltr'><strong>Omnem</strong></span> <span class='ocrx_word' id='word_1_118' title='bbox 229 3265 299 3305; x_wconf 87' lang='lat' dir='ltr'><strong>rem</strong></span> <span class='ocrx_word' id='word_1_119' title='bbox 318 3258 476 3316; x_wconf 66' lang='lat' dir='ltr'><strong>noscuntz</strong></span> <span class='ocrx_word' id='word_1_120' title='bbox 497 3247 641 3327; x_wconf 83' lang='lat' dir='ltr'><strong>geminos</strong></span> <span class='ocrx_word' id='word_1_121' title='bbox 662 3243 721 3305; x_wconf 88' lang='lat' dir='ltr'><strong>illa</strong></span> <span class='ocrx_word' id='word_1_122' title='bbox 741 3245 888 3312; x_wconf 84' lang='lat' dir='ltr'><strong>enititur.</strong></span> 
     </span>
    </p>
   </div>
   <div class='ocr_carea' id='block_1_7' title="bbox 46 3381 1128 3608">
    <p class='ocr_par' dir='ltr' id='par_1_11' title="bbox 46 3381 1128 3608">
     <span class='ocr_line' id='line_1_23' title="bbox 129 3381 1128 3518; baseline -0.005 -63"><span class='ocrx_word' id='word_1_123' title='bbox 129 3406 248 3482; x_wconf 37' lang='lat' dir='ltr'><strong>Argum..</strong></span> <span class='ocrx_word' id='word_1_124' title='bbox 270 3417 292 3454; x_wconf 68' lang='lat' dir='ltr'><strong>rv</strong></span> <span class='ocrx_word' id='word_1_125' title='bbox 309 3414 381 3482; x_wconf 61' lang='lat' dir='ltr'><strong>pers.</strong></span> <span class='ocrx_word' id='word_1_126' title='bbox 401 3415 427 3482; x_wconf 65' lang='lat' dir='ltr'><strong>p,</strong></span> <span class='ocrx_word' id='word_1_127' title='bbox 448 3401 531 3518; x_wconf 59' lang='lat' dir='ltr'><strong>vulpe</strong></span> <span class='ocrx_word' id='word_1_128' title='bbox 555 3397 687 3482; x_wconf 29' lang='lat' dir='ltr'><strong>legitur&amp;</strong></span> <span class='ocrx_word' id='word_1_129' title='bbox 709 3381 838 3483; x_wconf 78' lang='lat' dir='ltr'><strong>numeris</strong></span> <span class='ocrx_word' id='word_1_130' title='bbox 862 3401 1007 3472; x_wconf 78' lang='lat' dir='ltr'><strong>pessimis:</strong></span> <span class='ocrx_word' id='word_1_131' title='bbox 1034 3401 1067 3454; x_wconf 89' lang='lat' dir='ltr'><strong>U.</strong></span> <span class='ocrx_word' id='word_1_132' title='bbox 1087 3400 1128 3479; x_wconf 73' lang='lat' dir='ltr'><strong>lu·</strong></span> 
     </span>
     <span class='ocr_line' id='line_1_24' title="bbox 50 3468 1125 3533; baseline -0.007 -8"><span class='ocrx_word' id='word_1_133' title='bbox 50 3472 169 3525; x_wconf 74' lang='lat' dir='ltr'><strong>duntur</strong></span> <span class='ocrx_word' id='word_1_134' title='bbox 189 3471 261 3520; x_wconf 74' lang='lat' dir='ltr'><strong>dolas</strong></span> <span class='ocrx_word' id='word_1_135' title='bbox 279 3488 376 3520; x_wconf 77' lang='lat' dir='ltr'><strong>marum</strong></span> <span class='ocrx_word' id='word_1_136' title='bbox 401 3487 431 3520; x_wconf 83' lang='lat' dir='ltr'><strong>tn</strong></span> <span class='ocrx_word' id='word_1_137' title='bbox 451 3486 492 3519; x_wconf 81' lang='lat' dir='ltr'><strong>mo</strong></span> <span class='ocrx_word' id='word_1_138' title='bbox 515 3506 521 3519; x_wconf 90' lang='lat'><strong>.</strong></span> <span class='ocrx_word' id='word_1_139' title='bbox 556 3472 580 3521; x_wconf 79' lang='lat' dir='ltr'>A</span> <span class='ocrx_word' id='word_1_140' title='bbox 597 3469 736 3522; x_wconf 77' lang='lat' dir='ltr'><strong>Pelet-turs</strong></span> <span class='ocrx_word' id='word_1_141' title='bbox 764 3488 786 3521; x_wconf 87' lang='lat'><strong>1.</strong></span> <span class='ocrx_word' id='word_1_142' title='bbox 814 3476 843 3519; x_wconf 81' lang='lat' dir='ltr'><strong>et</strong></span> <span class='ocrx_word' id='word_1_143' title='bbox 868 3486 892 3521; x_wconf 79' lang='lat'><strong>2.</strong></span> <span class='ocrx_word' id='word_1_144' title='bbox 920 3472 1020 3521; x_wconf 85' lang='lat' dir='ltr'><strong>aberat</strong></span> <span class='ocrx_word' id='word_1_145' title='bbox 1041 3468 1125 3533; x_wconf 71' lang='lat' dir='ltr'><strong>dolas,</strong></span> 
     </span>
     <span class='ocr_line' id='line_1_25' title="bbox 46 3532 1128 3608; baseline -0.008 -16"><span class='ocrx_word' id='word_1_146' title='bbox 46 3550 225 3608; x_wconf 79' lang='lat' dir='ltr'><strong>omnesque</strong></span> <span class='ocrx_word' id='word_1_147' title='bbox 242 3535 290 3588; x_wconf 90' lang='lat' dir='ltr'><strong>illi</strong></span> <span class='ocrx_word' id='word_1_148' title='bbox 307 3534 390 3596; x_wconf 79' lang='lat' dir='ltr'><strong>codd,</strong></span> <span class='ocrx_word' id='word_1_149' title='bbox 410 3532 569 3604; x_wconf 78' lang='lat' dir='ltr'><strong>habebant,</strong></span> <span class='ocrx_word' id='word_1_150' title='bbox 589 3537 664 3605; x_wconf 81' lang='lat' dir='ltr'><strong>quod</strong></span> <span class='ocrx_word' id='word_1_151' title='bbox 685 3546 715 3589; x_wconf 84' lang='lat' dir='ltr'><strong>et</strong></span> <span class='ocrx_word' id='word_1_152' title='bbox 731 3545 829 3588; x_wconf 84' lang='lat' dir='ltr'><strong>noster</strong></span> <span class='ocrx_word' id='word_1_153' title='bbox 847 3535 1024 3589; x_wconf 68' lang='lat' dir='ltr'><strong>numurus</strong></span> <span class='ocrx_word' id='word_1_154' title='bbox 1050 3535 1128 3585; x_wconf 75' lang='lat' dir='ltr'><strong>delu-</strong></span> 
     </span>
    </p>
   </div>
   <div class='ocr_carea' id='block_1_8' title="bbox 46 3609 1129 3735">
    <p class='ocr_par' dir='ltr' id='par_1_12' title="bbox 46 3609 1129 3735">
     <span class='ocr_line' id='line_1_26' title="bbox 92 3618 175 3656; baseline -0.036 0"><span class='ocrx_word' id='word_1_155' title='bbox 92 3618 175 3656; x_wconf 75' lang='lat' dir='ltr'><strong>mur·</strong></span> 
     </span>
     <span class='ocr_line' id='line_1_27' title="bbox 46 3609 1129 3735; baseline -0.006 -12"><span class='ocrx_word' id='word_1_156' title='bbox 46 3609 91 3659; x_wconf 61' lang='lat' dir='ltr'><strong>du</strong></span> <span class='ocrx_word' id='word_1_157' title='bbox 132 3658 242 3735; x_wconf 74' lang='lat' dir='ltr'><strong>Argum.</strong></span> <span class='ocrx_word' id='word_1_158' title='bbox 258 3683 281 3720; x_wconf 80' lang='lat' dir='ltr'><strong>s.</strong></span> <span class='ocrx_word' id='word_1_159' title='bbox 298 3684 326 3721; x_wconf 81' lang='lat' dir='ltr'><strong>v.</strong></span> <span class='ocrx_word' id='word_1_160' title='bbox 344 3683 370 3735; x_wconf 74' lang='lat'><strong>3.</strong></span> <span class='ocrx_word' id='word_1_161' title='bbox 390 3668 492 3735; x_wconf 80' lang='lat' dir='ltr'><strong>vulgo:</strong></span> <span class='ocrx_word' id='word_1_162' title='bbox 515 3672 616 3735; x_wconf 83' lang='lat' dir='ltr'><strong>carnit,</strong></span> <span class='ocrx_word' id='word_1_163' title='bbox 639 3668 689 3721; x_wconf 88' lang='lat' dir='ltr'><strong>sed</strong></span> <span class='ocrx_word' id='word_1_164' title='bbox 713 3668 745 3720; x_wconf 87' lang='lat' dir='ltr'><strong>iu</strong></span> <span class='ocrx_word' id='word_1_165' title='bbox 768 3678 825 3725; x_wconf 74' lang='lat' dir='ltr'><strong>ret.</strong></span> <span class='ocrx_word' id='word_1_166' title='bbox 851 3666 948 3719; x_wconf 83' lang='lat' dir='ltr'><strong>codice</strong></span> <span class='ocrx_word' id='word_1_167' title='bbox 968 3667 1129 3718; x_wconf 81' lang='lat' dir='ltr'><strong>Camerarii</strong></span> 
     </span>
    </p>
   </div>
   <div class='ocr_carea' id='block_1_9' title="bbox 42 3732 1129 3880">
    <p class='ocr_par' dir='ltr' id='par_1_13' title="bbox 42 3732 1129 3880">
     <span class='ocr_line' id='line_1_28' title="bbox 42 3732 1129 3805; baseline -0.008 -12"><span class='ocrx_word' id='word_1_168' title='bbox 42 3740 142 3793; x_wconf 84' lang='lat' dir='ltr'><strong>inter</strong></span> <span class='ocrx_word' id='word_1_169' title='bbox 162 3752 260 3788; x_wconf 83' lang='lat' dir='ltr'><strong>versus</strong></span> <span class='ocrx_word' id='word_1_170' title='bbox 274 3734 449 3805; x_wconf 78' lang='lat' dir='ltr'><strong>adscriptum</strong></span> <span class='ocrx_word' id='word_1_171' title='bbox 462 3746 523 3789; x_wconf 83' lang='lat' dir='ltr'><strong>erat</strong></span> <span class='ocrx_word' id='word_1_172' title='bbox 536 3738 579 3801; x_wconf 74' lang='lat' dir='ltr'><strong>cle,</strong></span> <span class='ocrx_word' id='word_1_173' title='bbox 601 3746 635 3787; x_wconf 90' lang='lat' dir='ltr'><strong>ut</strong></span> <span class='ocrx_word' id='word_1_174' title='bbox 653 3744 727 3787; x_wconf 85' lang='lat' dir='ltr'><strong>esset</strong></span> <span class='ocrx_word' id='word_1_175' title='bbox 741 3737 873 3790; x_wconf 80' lang='lat' dir='ltr'><strong>decernit.</strong></span> <span class='ocrx_word' id='word_1_176' title='bbox 905 3749 931 3798; x_wconf 81' lang='lat'><strong>9.</strong></span> <span class='ocrx_word' id='word_1_177' title='bbox 951 3732 1031 3784; x_wconf 86' lang='lat' dir='ltr'><strong>Libri</strong></span> <span class='ocrx_word' id='word_1_178' title='bbox 1045 3749 1129 3786; x_wconf 73' lang='lat' dir='ltr'><strong>versu</strong></span> 
     </span>
     <span class='ocr_line' id='line_1_29' title="bbox 42 3800 907 3880; baseline -0.002 -26"><span class='ocrx_word' id='word_1_179' title='bbox 42 3800 267 3880; x_wconf 76' lang='lat' dir='ltr'><strong>pessumdato:</strong></span> <span class='ocrx_word' id='word_1_180' title='bbox 288 3820 358 3869; x_wconf 76' lang='lat' dir='ltr'><strong>gem.</strong></span> <span class='ocrx_word' id='word_1_181' title='bbox 379 3801 509 3854; x_wconf 74' lang='lat' dir='ltr'><strong>Alcmena</strong></span> <span class='ocrx_word' id='word_1_182' title='bbox 528 3802 587 3874; x_wconf 86' lang='lat' dir='ltr'><strong>(vel</strong></span> <span class='ocrx_word' id='word_1_183' title='bbox 603 3804 767 3871; x_wconf 78' lang='lat' dir='ltr'><strong>Alcumena)</strong></span> <span class='ocrx_word' id='word_1_184' title='bbox 786 3802 907 3859; x_wconf 73' lang='lat' dir='ltr'><strong>enititur.</strong></span> 
     </span>
    </p>
   </div>
   <div class='ocr_carea' id='block_1_10' title="bbox 443 4002 787 4048">
    <p class='ocr_par' dir='ltr' id='par_1_14' title="bbox 443 4002 787 4048">
     <span class='ocr_line' id='line_1_30' title="bbox 443 4002 787 4019; baseline -0.015 0"><span class='ocrx_word' id='word_1_185' title='bbox 443 4002 787 4019; x_wconf 61' lang='lat' dir='ltr'><em>W</em></span> 
     </span>
     <span class='ocr_line' id='line_1_31' title="bbox 734 4035 740 4048; baseline 0 0"><span class='ocrx_word' id='word_1_186' title='bbox 734 4035 740 4048; x_wconf 70' lang='lat' dir='ltr'><strong>s</strong></span> 
     </span>
    </p>
   </div>
   <div class='ocr_carea' id='block_1_11' title="bbox 0 0 1368 4659">
    <p class='ocr_par' dir='ltr' id='par_1_15' title="bbox 0 0 1368 4659">
     <span class='ocr_line' id='line_1_32' title="bbox 0 0 1368 4659; baseline 0 8"><span class='ocrx_word' id='word_1_187' title='bbox 0 0 1368 4659; x_wconf 95' lang='lat' dir='ltr'><strong> </strong></span> 
     </span>
    </p>
   </div>
  </div>
 </body>
</html>
