2725 4659
255 285 330 357 520
588 252 651 324 M.·
693 255 737 324 A.
786 252 969 325 PLAUTI

254 446 351 507 Pater
370 452 463 499 meus
481 431 596 495 habuit
616 430 822 511 Periphanes,
845 432 1039 498 Planesium.

253 527 295 596 Is,
317 523 503 603 priusquam
523 514 774 588 moritur,-mihi
792 515 888 586 dedit,
908 531 1076 596 tamquam
1096 539 1166 595 suo,

252 609 300 669 Ut
321 621 455 682 aequom
474 600 590 671 iuerat,
610 597 679 659 filio
698 644 706 661 .
725 642 733 660 .
750 639 784 662 ..
805 597 862 660 PL.
883 599 970 661 Proh
987 600 1131 680 Jupiter!

253 691 316 751 Tri.
337 688 380 747 Et
398 687 451 744 isti
467 682 620 742 heredem
640 700 695 740 me
715 681 805 743 facit.
846 684 903 743 Pu.
925 684 1032 744 Pietas
1052 704 1137 757 mea,

255 775 352 834 Serva
371 787 435 837 me,
458 763 584 844 quando
604 782 665 845 ego
685 774 718 821 te
738 763 858 822 servavi
878 763 1005 828 sedulo!

254 860 367 920 Frater
387 851 445 921 mi,
466 847 564 908 salvo!
586 845 649 908 Tu.
666 844 731 924 Qui
746 846 830 905 istuc
842 865 901 926 ego
917 846 1068 908 credam?
1090 846 1190 919 Cedo,

254 936 289 996 Si
312 954 385 995 vera
404 946 573 1000 memoras,
596 946 677 1006 quae
696 928 760 987 iuit
779 940 882 987 mater
902 926 981 993 tua?
1329 992 1330 995 Ἴ

235 1022 312 1083 'Pu
334 1010 501 1078 Cleobula.
521 1009 582 1071 Tra.
598 1010 720 1072 Nutrix
736 1028 817 1089 quae
829 1009 914 1071 fuit?
954 1011 1013 1075 Pa.
1034 1011 1243 1077 Archestrata
1329 1050 1330 1055 κ

252 1103 299 1163 Ea
318 1120 372 1160 me
392 1106 571 1178 spectatum
591 1092 708 1153 tulerat
728 1110 784 1172 per
803 1092 968 1173 Dionysia.

253 1190 428 1263 Postquam
447 1178 504 1239 illo
528 1189 659 1237 rentum
680 1187 728 1235 est
747 1173 821 1250 jam,
844 1188 881 1236 ut
902 1195 955 1236 me
967 1177 1198 1240 conlocaverat:
1242 1180 1285 1256 645

172 1306 175 1311 >
253 1269 405 1330 Exoritur
428 1273 540 1321 ventus
560 1257 670 1334 turb03
693 1256 850 1337 spectacla
870 1255 917 1319 ibi
938 1275 1052 1330 mont,

186 1346 189 1358 '
254 1354 324 1431 Ego
339 1346 543 1428 pertimesco:
564 1354 636 1400 tum
656 1339 704 1399 ibi
724 1359 778 1401 me
798 1342 906 1400 nescio
926 1345 982 1420 qui
1001 1346 1115 1424 arripit

253 1434 282 1493 T
284 1429 418 1494 imidam
437 1439 534 1505 atque.
551 1422 710 1503 pavidam,
731 1441 791 1482 nec
813 1424 920 1482 vivam
940 1442 1001 1485 nec
1021 1441 1206 1496 mortuam3

253 1518 334 1581 Nec,
356 1531 419 1587 quo
439 1527 493 1568 me
515 1517 605 1585 pacto
627 1504 804 1571 abstulerit,
825 1524 952 1584 possum
973 1507 1090 1573 dicere.

186 1614 190 1645 :
253 1598 316 1657 ΤΗ,
339 1590 488 1660 Memini,
509 1590 609 1647 istanc
629 1587 759 1646 turbam
782 1586 861 1646 fieri.
882 1587 945 1648 Sed
958 1600 1031 1651 tum
1046 1592 1096 1651 dic
1112 1592 1206 1663 mihi,
1241 1592 1286 1666 65⁰
1328 1608 1330 1663 ς

254 1676 366 1738 Ubiis
388 1670 573 1732 esthemo?
595 1673 703 1747 quite
724 1669 903 1749 subripuit?
939 1673 995 1734 ΡΙ..
1017 1673 1151 1745 Nesci03
1328 1668 1330 1691 '

252 1764 375 1822 Verum
396 1754 482 1813 hunc
503 1752 627 1813 servavi
647 1771 774 1828 semper
793 1771 922 1813 mecum
943 1773 1008 1814 una
1027 1757 1174 1820 anulum.
1328 1813 1330 1829 ,

255 1847 339 1907 Cum
354 1836 502 1899 hocoiim
515 1835 605 1915 perii.
627 1833 691 1897 ΤΗ.
703 1832 801 1904 Cedo,
817 1847 854 1895 ut
862 1836 1043 1915 inspiciam.
1067 1841 1126 1900 Cu,
1136 1839 1285 1909 Sauau'ssi
1328 1842 1330 1856 ¹

255 1929 347 2006 Quae
367 1922 420 1982 isti
440 1915 633 1981 conmittes?
652 1918 708 1978 Po.
724 1914 800 1974 Sine
817 1915 921 1977 modo.
942 1917 1005 1984 Te.
1022 1920 1108 1985 Proh
1131 1921 1258 2003 Jupiter,

252 2010 316 2069 Hic
338 2017 402 2076 est,
425 2020 522 2082 quem
543 2018 602 2080 ego
622 1998 683 2057 tibi
703 2000 777 2058 misi
797 2000 900 2059 natali
919 1998 981 2064 die.
1241 2007 1288 2083 655

254 2092 337 2151 Tam
358 2084 451 2147 facile
472 2084 558 2152 novi,
580 2099 679 2159 quam
699 2102 762 2143 me.
806 2082 909 2154 Salve,
930 2102 1002 2146 mea
1023 2089 1130 2148 soror!

142 2183 146 2193 ’
253 2175 309 2235 Pr„
331 2172 357 2231 F
359 2182 443 2230 rates
462 2166 521 2235 mi,
543 2163 628 2225 salve
641 2165 659 2219 !·
682 2162 740 2222 Pu.
761 2165 847 2224 Deos
868 2166 941 2227 volo
963 2167 1045 2228 bene
1067 2184 1194 2233 vortere

253 2258 360 2318 Istenc
380 2269 450 2312 rem
472 2245 575 2307 vobis!
606 2244 729 2307 Curat
749 2268 808 2335 ego
828 2247 920 2307 nobis
939 2250 1104 2312 omnibus:

180 2371 183 2375 ›
252 2339 304 2401 Tu
325 2349 363 2397 ut
382 2331 479 2393 hodie
501 2329 672 2388 adveniens
693 2346 826 2391 caenam
847 2330 900 2391 des
921 2336 1091 2407 sororiam3

252 2422 314 2482 Hic
333 2413 512 2489 nuptialem
533 2429 601 2470 cras
621 2408 721 2473 dabit.
761 2414 994 2478 Promittimus.
1100 2418 1103 2423 ’
1245 2418 1291 2479 666
1328 2418 1329 2459 t

253 2508 313 2567 Pir.
342 2501 426 2560 Tace
449 2499 502 2554 tu!
539 2495 598 2554 Cu,
618 2492 693 2553 Non
717 2506 826 2564 taceo,
848 2497 975 2573 quando
1000 2518 1049 2557 res
1075 2502 1174 2561 vortit
1196 2500 1277 2564 bene.

255 2586 309 2645 Tu
329 2585 431 2642 istanc
449 2575 606 2657 desponde
622 2574 710 2642 huic,
728 2577 822 2637 miles
836 2598 923 2659 :ego
941 2579 1051 2641 dotem
1072 2579 1164 2642 dabo.

253 2668 316 2728 ΤΗ.
328 2661 415 2744 Quid
429 2659 533 2719 dotis?
550 2658 608 2719 Cu.
618 2656 751 2739 Egone?
768 2658 812 2718 Ut
825 2680 961 2740 semper,
976 2660 1057 2722 dum
1067 2664 1291 2741 vivatmeaut

252 2750 315 2811 Ta.
335 2747 458 2804 Verum
479 2739 589 2801 hercle
610 2738 699 2797 dico:
721 2761 774 2800 me
795 2740 927 2804 lubente
947 2745 1074 2810 feceris.

253 2833 297 2894 Et
317 2829 392 2890 leno
412 2825 465 2884 hic
487 2823 582 2884 debet
601 2821 693 2881 nobis
714 2824 847 2903 triginta
864 2828 976 2888 minas.
1245 2832 1293 2907 665

243 2918 313 2978 Pri.
338 2905 557 2990 Quamobrem
577 2905 684 2965 istuc?
707 2903 768 2966 Tse
788 2907 873 2985 Quia
886 2907 942 2968 ille
960 2911 1006 2970 ita
1020 2911 1292 2992 repromisitmilti,

253 2996 288 3058 Si
309 2997 474 3074 quisquam
494 2989 577 3048 hanc
597 2987 721 3049 liberali
742 2989 930 3050 adseruisset
952 3011 1062 3067 manu,

253 3079 329 3140 Sine
349 3073 563 3141 controversia
583 3088 681 3129 omne
704 3076 874 3149 argentum
893 3072 1038 3137 reddere.

251 3162 310 3227 Pa.
323 3161 422 3221 Nunc
434 3175 541 3216 eamus
552 3152 593 3211 ad
606 3152 768 3215 lenonem.
783 3155 843 3216 Tu.
852 3155 971 3218 Laudo.
986 3161 1044 3220 Pa.
1054 3157 1293 3241 Hocpriusvolo,

252 3246 365 3307 Meam
380 3259 467 3308 reru,
488 3256 599 3318 agere..
623 3233 686 3297 Tu.
712 3237 797 3313 Quid
819 3237 852 3297 id
875 3238 943 3305 est?
970 3239 1016 3301 Ut
1040 3242 1125 3303 mihi
1147 3244 1231 3304 hanc
1251 3241 1291 3300 de
1327 3256 1328 3307 t

769 3319 931 3400 spondeas.
964 3343 966 3348 ’
1247 3324 1293 3399 67⁰

254 3411 313 3472 Cu.
336 3405 419 3487 Quid
440 3419 549 3472 cessas,
571 3399 673 3469 miles,
694 3399 778 3461 hanc
798 3402 874 3461 huic
895 3422 1032 3467 uxorem
1052 3407 1171 3469 dare?-

251 3494 313 3554 Tu.
330 3489 365 3551 Si
379 3488 459 3548 haec
476 3484 552 3545 volt.
573 3485 630 3545 Pb.
644 3476 696 3540 Mi
710 3482 831 3626 fmfer’·
843 3488 948 3566 cupio,
970 3488 1032 3552 Tg·
1046 3488 1131 3555 Fiat.
1148 3493 1207 3554 Cu·
1224 3489 1293 3555 B„
1326 3508 1328 3569 t

294 3587 296 3591 ’
786 3585 857 3630 acrs.
1253 3592 1257 3601 ³
1326 3578 1328 3610 ι

318 3746 446 3814 diffisis„
462 3758 496 3795 ex
513 3699 636 3794 Acidalii
651 3742 812 3796 sententiae
838 3743 871 3795 P.
889 3761 923 3796 m.
942 3745 970 3798 h.
987 3746 1020 3806 Ρ,
1053 3748 1104 3804 Ρι.
1120 3740 1293 3817 Peripha?

252 3815 310 3882 ⁶59·
328 3817 376 3867 tt:
395 3815 430 3862 Et
447 3813 497 3862 iste
514 3811 542 3861 b.
559 3826 608 3860 me.
620 3810 705 3874 jecit.
731 3807 846 3861 Guelf.:
865 3809 954 3878 facit,
1003 3812 1061 3877 646.
1086 3815 1150 3882 Sic,
1173 3810 1293 3869 aeaeh

251 3905 319 3952 reo,
346 3882 504 3937 camerarii
521 3879 596 3932 liber
613 3887 700 3932 vetus.
728 3882 777 3934 V.:
802 3884 971 3949 spectacula.
1020 3886 1088 3953 ⁶472
1103 3891 1250 3958 ,amem
1265 3880 1294 3935 ii·

251 3963 312 4014 bri:
331 3963 423 4012 neseio
443 3962 511 4028 quis.
561 3954 618 4023 650.
635 3959 685 4012 V.:
703 3957 885 4010 Meministin*
904 3961 976 4012 hanc
992 3969 1014 4013 t.
1031 3961 1075 4013 d?
1108 3960 1294 4016 Helmststtt

252 4037 324 4079 vett.
348 4022 428 4078 edd:
452 4025 613 4075 Meministi.
648 4022 819 4077 Enseudavit
842 4025 922 4078 Guil.
945 4028 1059 4097 Quaest.
1084 4030 1115 4082 in
1131 4031 1217 4083 Cure.
1238 4036 1295 4091 αἳ·

251 4093 311 4160 653.
329 4093 374 4142 lta
392 4089 489 4141 Guelf.
507 4090 553 4143 V.:
575 4090 608 4140 Et
625 4104 685 4156 ego,
733 4088 791 4143 ὅθι.
809 4092 858 4149 Va
880 4095 930 4148 Pa.
947 4094 1036 4147 i'rom.
1054 4093 1187 4149 Correxit
1201 4090 1272 4148 said
